3018 5064
316 292 376 364 DE
397 277 541 370 anule.
563 287 753 364 COMOED.
773 277 880 362 AT'l'.
901 289 1049 371 hume.
1221 285 1265 368 dl

78 460 919 638 abdrbclblll‘,blllffllllbll'lllh
939 458 1266 642 ,lhhlbdpll

78 636 136 702 uid.
161 634 283 700 Euseb.
303 634 383 700 Prae
405 657 456 712 ar,
469 633 589 721 Evang.
609 631 649 697 X.
673 633 728 697 10:
764 567 833 695 “lla
863 653 897 694 τε
919 627 1105 713 Ἀθηναίους
1125 639 1187 698 τῶν
1209 635 1268 700 αὖ.

80 726 139 788 τῶν
159 720 354 827 Αίηυπτίοις
375 656 540 783 dondanine
567 715 645 792 εἰκὸς
671 709 723 799 ήν,
758 715 904 792 ἀποίκους
931 717 1049 780 ἐκείνων
1076 717 1268 802 ὑπονοουμέ-

80 831 166 880 νους,
203 801 251 881 τίς
275 829 370 891 φασιν
391 802 479 869 taam
506 805 611 868 τεκαὶ
634 803 731 888 ἐντῷ
754 795 941 888 Τρικαράνῳ
967 799 1161 884 Θεόπομπος.
1203 808 1268 872 Ae.

82 891 218 992 gyptiam
250 897 349 954 autem
376 889 524 976 originem
551 895 583 951 ut
609 885 752 952 Cratinus
773 887 926 974 Lycurgo
942 889 1151 974 exprobraret,
1190 893 1268 957 cala-

81 999 154 1041 srrm
177 975 210 1039 ei
233 975 356 1056 tribuit,
390 982 502 1039 vestem
529 971 761 1073 Aegyptiaeam:
805 972 917 1056 δίφρον
938 993 991 1036 cur
1011 972 1127 1050 dederit
1170 984 1269 1041 estan-

83 1062 147 1127 dnm
180 1081 251 1125 non
284 1059 358 1124 satis
385 1059 553 1150 perspicio,
598 1057 658 1121 nrsi
691 1057 769 1122 lorte
796 1057 921 1121 eundem
954 1063 1091 1142 tanquam
1113 1083 1140 1138 e¹
1155 1061 1267 1127 emina-¹

83 1153 138 1211 tum
162 1145 266 1210 voluit
287 1145 450 1244 castigare:
482 1141 599 1233 puellae
627 1140 705 1207 enim
732 1141 765 1204 in
793 1143 886 1206 saeris
908 1140 1065 1207 Minervae
1091 1143 1147 1209 hoo
1169 1147 1268 1214 officio

84 1231 310 1318 iungebantur,
350 1229 419 1294 vrde
465 1235 563 1293 raeter
595 1227 669 1292 alios
690 1225 845 1327 Aristoph.
878 1225 959 1292 Ave:
986 1249 1016 1291 v.
1049 1229 1142 1296 1551.
1168 1232 1268 1318 ibique

87 1315 182 1380 Sehol.
207 1349 255 1365 -
301 1314 351 1380 Ad
380 1251 503 1379 eandem
526 1310 752 1376 sollemnitatem
774 1319 862 1376 eham
883 1311 1073 1378 referendum
1094 1321 1164 1403 puto
1184 1316 1269 1401 illud,
1333 1359 1335 1364 -

88 1401 155 1486 quod
183 1400 307 1488 legitur
334 1398 411 1506 apud
438 1387 635 1464 Sdholiastam
664 1395 816 1546 Aristoph.
842 1395 935 1484 Vesp.
961 1417 991 1462 v.
1017 1397 1098 1464 542:
1145 1401 1269 1467 Θαλλο-

87 1483 201 1571 φόρους
235 1483 299 1568 γὰρ
333 1481 393 1570 ἐφη
419 1479 608 1565 βουλόμενος
636 1481 711 1557 τούς
734 1505 881 1566 μροντας
907 1483 1061 1565 δηλῶσαι,
1105 1483 1210 1570 ἐπειδὴ
1237 1489 1270 1552 ἐν

85 1580 142 1648 τοῖς
165 1570 417 1651 Παναθηναίοις
439 1568 468 1632 ol
488 1569 626 1653 γέροντες
646 1567 786 1642 θαλλοὺς
807 1565 926 1650 ἔχοντες
946 1563 1128 1647 ἐπόμπευον.
1152 1567 1195 1648 ὡς
1216 1563 1272 1638 οὖν

87 1658 124 1731 είς
145 1653 242 1720 οὖδέν
267 1653 364 1718 ὄντων
380 1654 543 1738 χρησίμων
565 1651 667 1726 αὐτῶν
688 1649 746 1727 ἐξω
766 1657 822 1716 τοῦ
845 1651 1190 1737 θαλλοφορεῖν,ὀῧτως
1212 1656 1272 1722 αὖ.

86 1738 155 1816 τούς
177 1739 374 1821 ἐπέσκωψεν.
420 1735 462 1803 Ὅ
487 1739 591 1818 μίντοι
619 1737 811 1822 Δικαίαρχος
833 1739 864 1801 ἐν
888 1742 933 1822 τῷ
954 1739 1191 1828 Παναθηναϊκῷ
1214 1741 1271 1809 οὐκ

89 1821 154 1889 olio
181 1827 217 1901 ἐξ
249 1822 324 1889 ὅτου
346 1823 420 1888 ποτὲ
441 1825 491 1886 καί
513 1821 686 1928 τὰςάηραῦς
707 1823 739 1886 ἐν
759 1831 824 1898 τοῖς
844 1823 1084 1903 Παναθηναίοις
1105 1821 1166 1888 εἶπε
1187 1831 1271 1890 θαλ-

87 1914 241 1996 λοφορεῖν.
289 1908 492 1994 Ξενοφῶντος
511 1907 567 1987 μὲν
589 1908 621 1970 ἐν
641 1907 821 1992 Συμποσίῳ,
847 1902 1021 1990 Φιλοχόρου
1043 1907 1077 1970 δέ
1098 1909 1131 1972 ἐν
1151 1915 1189 1994 τῇ
1202 1914 1273 1976 δευ-

88 1994 174 2086 τίρη,
208 1992 247 2072 ὅς
275 2019 308 2078 με
336 1997 388 2058 καὶ
416 1991 470 2057 τὸν
492 1987 666 2080 κατήιλοντα
689 1992 724 2079 (l.
746 1987 933 2075 κατάγοντα)
961 1990 997 2054 τὸ
1026 1990 1102 2068 ἔθος
1120 1992 1272 2079 Ἐριχθό-

90 2105 149 2144 νιον
175 2081 353 2162 συνίστησι.
396 2075 594 2162 Μνημονεύει
622 2081 678 2140 τοῦ
705 2075 800 2152 ἔθους
820 2079 853 2140 Κ
886 2084 1019 2152 ατΐνος
1039 2077 1108 2157 μὲν
1133 2081 1171 2144 ἐν
1196 2083 1273 2166 Δη-

90 2161 209 2245 λιάσι,
263 2169 308 2228 (Dr
329 2159 457 2249 εκροίτης
482 2161 517 2226 δέ
543 2163 576 2226 ἐν
598 2155 813 2244 Ἐπιλήσμονι.
898 2161 1074 2250 enophontis
1108 2163 1190 2230 loeus
1226 2175 1273 2233 est

92 2248 229 2340 Sympos.
257 2272 281 2315 ο.
303 2189 335 2331 (ἐ,
358 2251 413 2314 17:
460 2242 684 2331 Θαλλοφόρους
710 2246 769 2332 γὰρ
798 2249 836 2332 τῇ
853 2243 974 2335 Ἀθηνᾷ
995 2246 1067 2324 τοὺς
1083 2249 1202 2326 ’καλοὺς
1222 2252 1273 2336 ηέ.

93 2359 200 2418 ροντας
222 2333 407 2418 ἐκλίγονται,
431 2328 472 2409 ὥς
493 2340 833 2416 σομπαρομαρτοῦντος
845 2327 929 2418 ποίση
941 2337 979 2418 τῇ
1000 2329 1179 2422 ήλικίητοῦ
1192 2334 1273 2401 ’κοίλ-

94 2424 171 2496 λους.
214 2420 333 2491 Verum
356 2419 496 2484 Cratinus
521 2439 581 2482 non
604 2418 640 2482 de
661 2417 942 2482 Panathenaeorum
963 2419 1041 2482 festo
1061 2419 1136 2486 haec
1158 2421 1272 2488 dixisse

93 2505 221 2588 ridetur,
255 2505 309 2570 sed
330 2504 367 2568 de
388 2504 487 2568 Deliis
509 2503 622 2568 sacris:
666 2523 734 2567 nam
755 2503 798 2566 ibi
820 2521 933 2588 queque
954 2504 1221 2588 euiusqueuaetatis
1243 2515 1274 2572 et

94 2591 249 2677 utriusque
270 2611 361 2654 sexus
382 2589 574 2677 pulcherrimi
595 2587 634 2652 eli
658 2589 793 2669 ebantur,
815 2588 1008 2678 quipompae
1028 2589 1220 2676 interessent,
1241 2593 1273 2660 id

82 2677 166 2762 ¹quod
189 2677 281 2742 docet
298 2673 466 2764 Xenophon
485 2673 613 2738 Memor.
636 2608 696 2738 lss.
717 2676 749 2740 3.
771 2674 823 2738 12.
1126 2671 1135 2680 ’

136 2847 148 2865 '
175 2844 260 2910 Puto
293 2842 371 2908 eninr
406 2843 494 2907 etiam
520 2842 553 2906 in
580 2839 664 2906 Delii
692 2840 787 2906 saeris
813 2839 925 2922 fuisse,
966 2841 1016 2927 qui
1045 2843 1142 2909 olivae
1173 2866 1272 2912 ramos

98 2947 193 2995 saeros
215 2929 289 2994 illos
311 2927 426 3014 quidem
446 2927 596 3016 Apollinis
619 2929 783 3012 gestarent.
827 2924 992 2991 Confirmat
1012 2927 1068 2991 hoc
1089 2927 1274 2996 Scholrhri-

100 3015 190 3102 steph.
217 3015 370 3100 Equitum.
390 3033 421 3077 v.
442 3014 521 3076 726:
564 3011 695 3095 Κράτης
722 3010 756 3074 δέ
777 3007 794 3074 b
816 3008 983 3092 Ἀθηναῖος
1004 3013 1036 3076 ἐν
1057 3019 1100 3100 τῷ
1123 3018 1274 3098 περὶτῶν

95 3094 243 3183 Ἀθήνησι
270 3102 407 3174 θυσιῶν,
438 3095 571 3183 ἀφορίας
597 3096 671 3160 ποτὲ
695 3090 910 3178 κατασχούσης
937 3096 995 3180 τήν
1022 3093 1123 3177 πόλιν,
1153 3101 1275 3166 θαλλόν

102 3205 173 3266 φασι
195 3184 456 3266 καταστίιμαντας
477 3185 569 3268 ἐρίοις
590 3181 743 3266 ίκετηρίαν
769 3180 931 3244 ἀναθεῖναι
953 3188 997 3270 τῷ
1014 3181 1191 3249 Ἀπόλλωνι.
1225 3189 1274 3273 qui

102 3287 158 3332 mos
181 3273 273 3336 etiam
295 3276 364 3333 tune
384 3269 501 3332 videtur
521 3275 676 3332 revocatus
689 3289 766 3332 esse.
809 3266 890 3331 Hinc
903 3268 1010 3332 ibidem
1024 3267 1150 3356 legitur:
1185 3273 1274 3348 Τινὲς

103 3351 132 3414 δὲ
151 3353 204 3418 τὸν
231 3354 339 3436 Θησέα
361 3356 437 3439 φασὶ
459 3352 536 3435 μεθ’
560 3351 595 3416 bv
616 3351 724 3434 καιρὸν
752 3353 793 3427 εἷς
814 3347 943 3436 Κρήτην
969 3351 1067 3430 ἔπλει,
1100 3354 1274 3439 προσχόντα

104 3433 193 3528 Δήλῳ
223 3439 275 3503 διὰ
299 3444 436 3522 χειμῶνα
467 3436 618 3514 είίξασθαι
645 3443 689 3524 τῷ
715 3432 897 3501 Ἀπόλλωνι
924 3439 1177 3522 καταστίηιεσθαι
1199 3439 1275 3506 κλά-

105 3521 163 3598 δοις
190 3526 311 3603 ἐλαίας,
352 3522 425 3587 ὅταν
452 3529 542 3608 σωθῇ
563 3521 618 3586 τὸν
638 3517 848 3604 Μινώταυρον
875 3521 1064 3600 ἀποκτείνας,
1087 3527 1138 3588 καί
1159 3524 1275 3591 θυσιά-

106 3627 178 3670 σειν·
206 3613 259 3675 καὶ
279 3610 333 3692 τήν
354 3609 506 3694 ἱκετηρίαν
526 3605 642 3690 ταύτην
663 3607 902 3690 καταστίιμαντα
914 3606 1031 3692 ἑψῆσαι
1051 3606 1275 3692 χιίτρανᾶθοί-

108 3714 156 3792 ρης
182 3697 235 3758 καί
263 3693 366 3796 ἐτνοης
384 3697 443 3772 ’καὶ
475 3693 586 3794 βωμὸν
611 3688 816 3794 ίὸρήσασθαι...
860 3693 973 3794 Ibidem
1002 3693 1077 3758 alius
1107 3695 1275 3806 §thebeste

110 3775 171 3842 drcrt
190 3781 373 3868 Pyanepsrrs
395 3787 425 3844 et
438 3779 616 3866 Thargehls
639 3779 709 3862 (hoe
730 3785 776 3843 est
796 3777 902 3842 usdem
924 3779 1027 3844 drebus
1049 3781 1147 3862 festus,
1170 3785 1274 3866 thus

111 3878 187 3929 sacra
207 3867 319 3952 legatio
341 3865 413 3929 Deli
434 3862 583 3953 Apollinis
605 3865 739 3928 natalitia
765 3863 947 3950 celebrabat)
969 3885 1086 4016 pueros
1108 3859 1275 3932 Athenien·

110 3963 153 4010 ses
181 3952 347 4056 gestavisse
378 3971 483 4032 ταωοοΙ
509 3949 623 4014 olivae:
666 3949 860 4031 Πυαναμίοις
889 3951 940 4014 καὶ
1001 3951 1156 4038 αργηλίοις
1177 3949 1251 4036 Ἡλί

110 4032 154 4092 καὶ
173 4033 284 4114 Ὥραις
317 4033 718 4120 ἓνρτοίζοοσινἈθηναῖοι,
754 4034 882 4122 φίρουσι
909 4034 943 4098 δὲ
971 4036 1128 4113 enatae
1148 4034 1221 4114 νοτίς
1242 4017 1275 4103 τε

109 4115 242 4196 bellede
268 4120 360 4207 ἐρίοις
387 4119 660 4206 περιειλημένοος,
683 4117 758 4184 ὅθεν
784 4123 950 4202 είρεσιολναι
976 4120 1113 4204 λέγονται
1134 4127 1184 4186 καί
1206 4119 1275 4192 tori,-

110 4212 187 4278 ῑονξ
204 4203 262 4292 πρὸ
289 4212 351 4270 τῶν
380 4211 490 4290 θυρῶν
516 4211 677 4292 κρεμῶσιν.
727 4205 930 4288 Cantilenam,
962 4227 1020 4308 qua
1045 4209 1130 4310 pueri
1156 4209 1202 4273 illl
1228 4209 1276 4274 usi

111 4293 190 4370 sunt,
222 4293 353 4356 servavit
377 4291 456 4358 idem
485 4290 699 4358 Grammaticus
726 4298 756 4358 et
775 4291 955 4360 Plutarchus
975 4307 1009 4358 m
1028 4300 1091 4364 vute
1111 4292 1228 4360 Thesei
1248 4315 1275 4363 ο.

112 4366 161 4438 2².
180 4379 211 4441 et
227 4375 360 4465 Etymol.
384 4375 430 4444 Μ.
450 4397 480 4469 p
500 4378 576 4463 aba,
596 4378 656 4448 30:
