3000 5048
176 361 189 387 ·
318 331 378 400 DE
397 331 541 412 nume.
561 327 751 402 deuon
769 333 876 403 suu:
896 333 1042 412 sumu.
1198 335 1262 406 Ab!

95 501 166 568 eius'¹
181 499 333 568 stultitiam
354 501 481 568 notarit:
507 501 567 568 iam
589 501 665 588 quod
686 497 816 583 ittam
835 503 874 588 τῇ
895 499 979 568 πόλει
999 503 1055 585 ait,
1075 501 1264 586 Philonidom

95 585 262 652 subindicat
282 587 370 651 otiam
391 587 429 652 ad
449 607 499 652 res
541 587 653 652 uhhcas
675 587 923 656 administrandas
945 589 1117 654 accessisse.
1151 589 1265 676 Opibus

96 685 193 738 autem
220 678 252 764 et
270 671 381 736 divitiis
408 693 471 736 cnm
499 609 681 754 adundaret,
709 678 739 736 et
765 673 960 762 parasitorum
986 693 1109 738 numero
1135 674 1265 738 maximo

46 785 49 790 ·
94 757 152 824 fnit
173 755 297 843 stipatus
319 763 348 821 ot
368 777 440 822 vero
461 757 664 822 meretricibus
681 757 839 906 plurimum
862 757 942 823 dedit
961 758 1113 847 ρουοοίοο.
1133 757 1176 822 llt
1190 758 1266 824 Lai-

95 842 142 906 dis
165 841 281 926 quidem
302 862 402 906 amors
417 841 606 906 Philonidem
627 863 680 930 per
700 843 771 906 itum
792 843 897 924 fuisso,
919 864 993 928 quae
1014 843 1149 928 quamvis
1167 843 1267 909 delam

94 947 170 990 mom
193 925 340 990 hominem
416 933 586 1009 ornaretur,
618 947 690 991 auro
710 926 827 991 tandem
853 929 931 992 victa
959 933 1021 1008 est,
1048 927 1267 1016 Aristophanes

94 1011 127 1074 in
147 1009 238 1074 Pluto
258 1032 288 1075 v.
310 1011 373 1076 lue
413 1011 480 1092 icit,
501 1012 551 1075 nbi
571 1012 713 1100 pecuniae
734 1012 793 1076 uim
816 1011 906 1078 Cario
928 1012 1072 1078 celebrat:

127 1139 131 1146 ·
177 1094 259 1184 Ἐρᾷ
280 1094 313 1158 δέ
333 1096 420 1171 Λαίς
442 1097 479 1160 od
500 1095 553 1160 dod
573 1095 608 1160 ud
631 1098 821 1178 Φιλωνίδσυς

94 1199 267 1266 quamquam
288 1179 336 1244 hic
356 1180 421 1268 ipse
442 1180 523 1246 locus
544 1202 592 1244 ma
636 1202 655 1246 a
675 1179 773 1266 aliqua
793 1180 966 1246 difficultate
985 1180 1116 1262 laborat,
1138 1177 1268 1265 qnando-

93 1265 213 1350 qnidem
230 1263 448 1353 Aristophanes
471 1265 507 1330 de
527 1201 634 1330 laidi
647 1271 784 1350 tanquam
805 1265 891 1347 viva,
912 1265 949 1330 de
969 1287 1004 1330 re
1025 1272 1161 1350 unquam
1201 1285 1268 1330 rao·

95 1355 181 1414 sente
208 1349 349 1449 loquitur:
376 1351 456 1436 atqui
475 1349 553 1416 Lais
573 1357 661 1432 tunc,
690 1371 754 1416 cnm
782 1350 889 1415 iterum
909 1349 1127 1450 Aristophanes
1147 1285 1267 1414 udum

96 1435 226 1516 doceret,
247 1455 306 1498 ram
325 1435 383 1499 luit
403 1441 531 1500 mortua:
554 1435 648 1499 sensit
667 1435 745 1499 hane
766 1435 967 1500 dilfimdtatem
989 1443 1075 1500 etiam
1089 1433 1268 1514 Scholiasta,

94 1519 183 1584 homo
205 1517 317 1602 doetus,
338 1519 388 1605 qui
409 1521 482 1584 haec
503 1519 667 1584 adnotavit:
702 1516 772 1583 Ὅτι
788 1516 1011 1604 Ἀριστοφάνης
1033 1515 1070 1583 οδ
1092 1516 1168 1602 λέγει
1188 1514 1270 1596 σύμ·

95 1627 187 1689 ῳωνα
214 1603 295 1668 κατὰ
314 1603 387 1681 τοδς
411 1599 560 1689 χρόνους.
587 1607 748 1688 ληφθῆναι
768 1598 827 1688 γάρ
854 1627 948 1688 φησιν
970 1601 1067 1685 αὐτὴν
1094 1603 1126 1666 έν
1145 1604 1271 1666 Σικελία

96 1687 256 1770 πολιχνίου
286 1687 369 1764 τινδς
396 1684 523 1763 ἁλόντος
544 1681 608 1751 >buu
635 1687 746 1752 Νικίου
777 1684 913 1763 ἑπτέτιν,
955 1685 1114 1770 ὠνηθῆναι
1148 1687 1182 1750 δὲ
1208 1665 1271 1750 ouh

94 1773 271 1859 Κορινθίου
297 1771 379 1848 τινδς
405 1773 457 1836 καλ
482 1775 664 1858 πιμῳδῆναι
690 1775 791 1856 δῶρον
814 1777 853 1857 τῇ
878 1775 999 1856 γυναικὶ
1026 1775 1069 1848 τίς
1094 1770 1270 1857 Κόρινθον·

92 1859 147 1922 ’ίνα
176 1857 217 1942 δὴ
243 1859 292 1922 sat
319 1858 465 1942 Χαβρίου
499 1880 546 1932 τις
576 1861 676 1920 ταῦτα
702 1857 845 1942 γενέσθαι
871 1859 936 1944 cipi,
980 1854 1029 1921 δτι
1058 1846 1091 1920 τά
1118 1855 1157 1920 dn
1178 1879 1271 1920 αττυν

88 1941 255 2024 Ἀθηναῖοι
282 1942 315 2004 έν
335 1943 472 2031 Σικελίῳ·
500 1940 564 2006 ἔστι
585 1941 620 2006 δέ
647 1937 690 2018 ὦς
710 1940 878 2017 Διοκλέουξ
905 1940 958 2024 ἔτη
980 1937 1029 2019 ιδ’,
1056 1937 1134 2005 diors
1158 1881 1271 2023 d'ioyou

94 2026 148 2090 διά
178 2022 332 2107 ὀνόματος
366 2023 464 2108 αὐτὴν
495 2025 647 2114 ἐπαίρειν·
689 2027 828 2112 ἐμφαίνει
861 2025 895 2090 δὲ
920 2027 972 2090 καί
1000 2021 1135 2090 Πλάτων
1164 2027 1197 2090 έν
1226 2027 1271 2111 τῷ

95 2111 232 2196 Φαίδρῳ
265 2109 366 2194 (reete
399 2109 572 2176 Meinekius
608 2107 750 2260 ίίίάωνιῳΩ
769 2107 1015 2197 ἑπτακαιδεκάτῳ
1054 2108 1111 2174 ’έτει
1142 2107 1272 2194 ὕστερον

92 2193 277 2276 διδαχθέντι
298 2197 347 2258 ἐπὶ
369 2195 536 2272 Διοκλέους
563 2195 692 2282 (librarii
740 2197 767 2260 'c
789 2204 836 2260 est
860 2217 964 2276 error,
990 2201 1071 2260 recte
1096 2195 1156 2260 iam
1177 2193 1271 2260 Hem-

92 2279 265 2346 sterhnsius
289 2281 525 2357 Φιλοκλέους
545 2283 676 2370 scripsit)
699 2277 742 2356 ὡς
761 2279 869 2364 μηκέτι
891 2278 987 2362 αὐτῆς
1009 2277 1118 2362 οὔσης·
1141 2275 1272 2343 δάιατιιι

94 2365 203 2446 μέντοι
223 2365 275 2428 καί
303 2363 400 2448 αὐτῆς
427 2363 526 2448 ζώσης
555 2365 709 2450 λέγεσθαι.
751 2367 921 2430 Prudenter
946 2387 1020 2430 sane
1045 2365 1098 2430 ille
1124 2384 1272 2452 murana·

95 2449 339 2521 deaurationem
366 2451 515 2533 subducit,
542 2451 585 2515 ita
605 2459 638 2515 ut
657 2451 745 2516 otiam
766 2451 822 2532 iis,
849 2471 923 2536 quae
950 2450 1074 2514 aliorum
1096 2448 1273 2516 testimoniis

95 2555 159 2598 nou
180 2533 401 2617 confirmantur,
421 2535 496 2600 fides
516 2536 556 2600 sit
575 2537 720 2602 habenda.
747 2535 875 2600 Laidem
890 2534 1049 2620 Hyrcanis,
1069 2534 1183 2622 oppido.
1195 2532 1272 2598 siu·

97 2619 158 2684 liae
179 2617 335 2682 oriundam
356 2639 439 2700 esse,
460 2619 529 2682 inde
550 2619 630 2684 hello
648 2641 685 2682 ca
706 2626 763 2682 tam
784 2627 814 2682 et
833 2617 1010 2684 Corinthum
1030 2619 1182 2686 abductam
1203 2633 1273 2682 osse

96 2705 275 2770 Athenaeus
296 2723 408 2788 quoque
428 2709 532 2766 namot
552 2641 841 2767 auetorei'olemone
861 2703 945 2768 Xlll.
966 2701 1124 2790 pdsssssss
1146 2703 1273 2776 Λαίδος

97 2811 131 2854 τε
152 2793 210 2870 τῆς
235 2788 268 2863 ἐξ
284 2783 458 2872 Ὑκκάρων,
485 2784 573 2862 πόλις
594 2787 624 2851 δ’
649 2785 728 2870 αὕτη
750 2783 908 2868 Σικελική,
936 2784 997 2872 ἀφ’
1020 2776 1058 2868 ἧς
1074 2781 1273 2867 ,αἰχμάλωτος

97 2871 244 2959 γενομένη
266 2860 337 2952 ἧκεν
358 2875 400 2946 τίς
421 2867 597 2956 Κόρινθον,
625 2868 667 2948 ὡς
687 2871 806 2956 ἱστορεῖ
821 2873 977 2953 Πολέμων
995 2872 1028 2938 ίν
1047 2876 1092 2957 τῷ
1114 2871 1190 2958 ἕκτῳ
1210 2876 1273 2937 τῶν

98 2958 359 3116 ututur}
381 2947 497 3106 tor
515 2953 798 3106 recreo
821 2955 1105 3123 retractu

94 3063 318 3214 ilpihrhhdpcr
339 3125 470 3212 δευτέρῳ
476 3153 488 3209 ,·
509 3133 539 3192 et
559 3066 662 3192 κοινάν
683 3149 712 3220 p.
733 3065 852 3193 ὃρὸδηλ.
874 3067 949 3190 tesid
969 3063 1179 3214 Nymphodoid
1200 3145 1273 3190 usus

98 3209 323 3297 Νυμφόδωρος
343 3209 371 3274 δ’
395 3209 639 3296 δΣυρακοάσιος
660 3213 692 3278 ἒν
712 3217 757 3298 τῷ
778 3212 845 3294 περὶ
866 3215 928 3274 τῶν
949 3211 981 3275 έν
1002 3209 1125 3298 Σικελίην
1145 3211 1274 3289 donao-

99 3297 235 3378 ζομίνων
261 3297 293 3372 ἐξ
313 3292 469 3378 Ὑκκάρου
490 3297 567 3382 φησί
594 3298 753 3362 Σικελικοῦ
785 3296 935 3381 φρουρίου
969 3289 1044 3359 τίνοι
1069 3292 1127 3376 τὴν
1151 3295 1273 3360 Λαίδα.

98 3383 197 3448 Recto
229 3401 300 3444 vero
331 3380 384 3444 ille
442 3381 626 3446 commaticus
650 3381 776 3446 Laidem
804 3381 875 3445 dicit
905 3385 1018 3468 captam
1046 3399 1114 3444 esse
1141 3377 1274 3444 Chabria

97 3473 251 3557 praetore,
274 3463 391 3554 Olymp.
403 3402 485 3530 idol.
504 3469 536 3548 2,
557 3467 614 3530 hot
635 3469 712 3530 enim
735 3486 813 3530 anno
834 3463 937 3529 Nicias
958 3463 990 3528 Η
1013 3485 1099 3528 coare
1120 3485 1158 3528 ex
1179 3483 1274 3610 apua-

98 3554 144 3617 vit
169 3549 343 3634 incolasque
364 3551 495 3639 captivos
518 3550 655 3633 abduxit,
682 3549 742 3614 vid.
764 3549 958 3635 Thucydides
1007 3547 1033 3613 1.
1054 3549 1111 3613 62:
1187 3571 1208 3610 α
1241 3548 1274 3612 έν

97 3642 144 3724 τῷ
167 3631 323 3720 παράπλῳ
351 3634 490 3720 αἱροῦσιν
503 3632 659 3719 Ὕκκαρα,
686 3631 821 3716 πόλισμα
842 3629 1018 3708 Σικανικόν,
1037 3631 1221 3715 Ἐγισταίοις
1239 3631 1275 3696 δέ

98 3719 265 3802 πολέμιον·
285 3709 323 3802 ἦν
343 3719 377 3782 δι’
398 3721 703 3802 παραδυλοισσίδιον·
732 3721 782 3784 stol
805 3718 1085 3800 ’άνδραποδίσαντις
1104 3714 1164 3797 τὴν
1187 3713 1276 3782 πάλιν

99 3805 281 3892 παρέδοσαν
303 3805 486 3886 Ἐγεσταίοις
513 3805 731 3890 (παρεγένοντο
761 3803 820 3889 γὰρ
848 3804 950 3868 αὐτῶν
976 3801 1087 3908 ἱππῆς)
1123 3797 1212 3865 αὐτοὶ
1240 3799 1275 3866 δέ

99 3889 195 3956 πάλιν
221 3894 266 3975 τῷ
292 3889 349 3970 μὲν
375 3891 453 3975 πεζῷ
479 3887 614 3975 ἐχώρουν
640 3889 693 3954 διὰ
718 3895 779 3954 τῶν
804 3891 952 3966 Σικελῶν,
984 3888 1040 3961 ἕως
1067 3885 1216 3969 αῳίκοντο
1243 3885 1274 3962 ἒς

99 3972 263 4056 Κατάνην,
286 3973 319 4038 αἱ
340 3973 768 4058 supermemoratorum
789 3971 969 4059 ἀνδράποδα
990 3969 1139 4054 tumeam
1162 3970 1275 4048 Νικίας

100 4063 136 4126 δὲ
157 4059 255 4133 midde
276 4059 308 4134 ἐξ
324 4053 483 4141 Ὑκκάρων
504 4061 552 4124 ἐπί
569 4059 711 4144 Ἓγίστης
731 4054 949 4144 παραπλεύσας
968 4061 1032 4122 κτλ.
1072 4055 1157 4128 Quod
1177 4063 1274 4122 auom

100 4142 313 4236 grammaticus
339 4144 392 4210 ille
420 4152 591 4234 septennem
617 4145 688 4210 dicit
719 4144 814 4212 luisse
839 4143 984 4222 Laidem,
1019 4141 1050 4206 id
1075 4162 1142 4206 curu
1176 4147 1274 4206 cetera

100 4233 287 4317 congruant,
313 4247 372 4292 non
403 4236 449 4294 est
474 4230 506 4294 in
534 4229 743 4295 dubitationem
771 4227 948 4293 vocandum:
976 4226 1035 4290 iam
1060 4231 1141 4290 recto
1168 4224 1274 4290 deindo

100 4313 312 4393 ratiocinatur,
346 4313 576 4402 Aristophanem
606 4335 675 4380 non·
697 4314 829 4403 potuisse
860 4312 893 4376 iu
923 4311 1022 4400 priore
1049 4309 1139 4376 Pluto
1166 4307 1273 4374 Laidis

101 4398 285 4465 mentionem
305 4396 421 4480 facere,
448 4419 513 4465 oum
533 4399 585 4465 illo
607 4407 752 4489 temporo,
778 4403 878 4487 utpote
896 4395 994 4485 puella
1012 4393 1143 4476 noudum
1163 4392 1274 4476 amun,

1029 4495 1072 4560 26
