3004 5048
265 261 335 384 ἰα
478 237 480 240 ’
656 302 1059 384 commarcarum

266 503 333 547 nam
361 501 421 546 non
446 479 456 544 l
478 499 511 544 se
536 476 670 544 Pericles
701 476 775 542 haec
801 474 887 560 dicit,
927 475 982 546 ted
1005 472 1199 564 Hymnides',
1241 475 1292 564 qui
1322 475 1429 564 quidem

267 566 431 632 rectissime
451 499 578 628 Periclis
601 571 630 627 et
651 562 839 652 Hippocratis
861 562 955 644 filios,
982 562 1087 664 quippe
1109 561 1158 648 qui
1178 557 1303 664 ingenio
1325 567 1356 627 et
1376 585 1430 628 mo-

268 653 350 716 ribus
377 649 517 716 simillimi
550 656 675 730 essentp
698 649 843 718 affinitate
874 654 969 712 autem
1001 647 1248 728 coniunctissimi,
1281 667 1345 712 com
1366 649 1430 714 onit

269 737 464 825 Hippocrates
487 734 562 798 enim
585 741 669 822 pater
691 733 767 796 lilius
789 733 845 796 luit
865 732 1057 820 Ariphronis,
1077 729 1289 817 vidThucyd.
1357 735 1429 798 dds

263 819 467 904 Ἱπποκράτην
493 843 525 883 τε
552 817 606 882 τὸν
626 817 806 904 Ἀρίφρονος
832 819 882 881 καλ
904 818 1112 899 Δημοσθένην
1138 817 1191 880 τὸν
1212 815 1429 893 Ἀλκισθένους.

268 906 422 994 Ariphron
443 925 531 992 porro
542 903 705 992 Xanthippi
722 904 812 984 lilius,
835 903 963 966 Periclis
981 909 1075 967 eutem
1088 903 1192 984 haten,
1212 901 1429 968 vid.Plutarch.

271 992 321 1055 uit.
343 989 487 1054 Alcibiad.
510 1011 534 1054 c.
558 990 592 1052 1:
627 993 694 1051 Τοῦ
716 986 748 1051 δ’
766 983 961 1067 Ἀλκιβιάδου
983 989 1137 1070 Περικλῆς
1163 988 1213 1049 καῖ
1231 985 1387 1070 Ἀρίφρων
1406 987 1430 1050 οἳ

269 1074 457 1145 Ξανθίππου
479 1069 680 1158 προσήκοντες
701 1071 873 1156 κατιλγίνος
895 1068 1103 1155 ἓπετράσευονι
1125 1073 1164 1136 cl.
1176 1071 1264 1136 Plato
1276 1071 1427 1158 Protegat.

268 1182 297 1249 p.
320 1159 438 1226 320A:
460 1162 500 1222 Et
520 1158 554 1222 δὲ
573 1155 676 1238 βούλει
699 1159 843 1222 Κλεινίαν
861 1156 916 1222 τδν
933 1153 1126 1237 Ἀλκιβιάδου
1147 1159 1278 1221 τουτουῖ
1294 1154 1430 1242 νεώτερον

271 1243 404 1328 άδελφδν
417 1239 621 1325 ἐπιτροπεύων
633 1239 649 1306 ὁ
665 1241 758 1319 αὐτὸς
771 1231 861 1318 οὗτος
873 1241 949 1326 ἀνὴρ
961 1245 1126 1325 Περικλῆς,
1139 1239 1246 1317 δεδιαλς
1258 1242 1327 1325 περὶ
1342 1239 1428 1305 αὐτοῦ

269 1329 313 1412 μὴ
336 1331 499 1415 διαφθαρῇ
521 1328 559 1410 δὴ
580 1324 640 1392 dud
654 1325 862 1406 Ἀλκιβιάδου,
885 1325 1069 1403 ἀποσπάσας
1089 1325 1151 1390 dud
1172 1322 1286 1392 τούτου
1309 1328 1342 1390 ἐν
1357 1325 1430 1410 Ἀρί-

270 1439 385 1497 φρονος
405 1415 559 1490 ἐπαίδευε,
580 1415 631 1477 καί
653 1415 723 1496 πρὶν
742 1410 775 1489 (ἐξ
794 1419 893 1494 μῆνας
913 1413 1064 1497 γεγονίναι
1085 1409 1221 1476 άπίδωκε
1242 1405 1362 1497 τούτῳ,
1382 1411 1429 1474 cdx

188 1541 192 1547 ·
269 1499 346 1582 ἔχων
367 1495 413 1562 ὅτι
432 1495 581 1580 χρήσαιτο
608 1497 704 1584 αὐτῷ.
746 1498 900 1587 Ariphron
922 1505 1018 1562 autem
1039 1499 1160 1582 eiusque
1187 1497 1284 1562 frater
1304 1495 1428 1560 Pericles

270 1607 334 1649 cum
361 1583 517 1648 Alcibiade
548 1583 692 1648 affinitate
719 1591 804 1648 erant
830 1583 992 1664 coniuncti,
1033 1583 1169 1667 quoniam
1196 1590 1293 1646 mater
1324 1581 1427 1653 illorum

269 1669 413 1756 Agariste
434 1689 520 1732 soror
539 1668 596 1732 luit
616 1667 780 1755 Megaclis,
802 1667 852 1753 qui
871 1667 1036 1732 Alcibiadis
1057 1668 1114 1732 fuit
1134 1663 1218 1732 avusss
1262 1667 1332 1732 Hoc
1352 1665 1429 1746 enim,

269 1763 302 1818 ut
322 1755 422 1843 paucis
444 1753 603 1841 defungar,
625 1759 747 1819 stemma
767 1753 847 1818 illius
870 1759 916 1818 est
935 1753 1082 1817 familiae:

493 1855 627 1925 Ariphron
643 1858 656 1910 1
876 1877 880 1886 ’
958 1854 1133 1924 Hippocrates
1150 1855 1163 1906 1

984 2025 1132 2036 hauns—-

421 2089 425 2102 ‚
496 2040 664 2112 Xanthippus
688 2067 873 2080 —-—·-·-
892 2039 1014 2107 Agariste
1112 2037 1244 2104 Megacles

775 2108 780 2197 l
1165 2112 1171 2207 l

269 2211 1026 2296 υιιιιυιοκαι-νιαααῑ-ἐῖῑωῖΐῖααω
1093 2224 1307 2279 Dinomame-
1324 2220 1428 2276 emtor

292 2397 637 2481 Xanthippus-*Eram
671 2409 815 2464 Periclesll
865 2410 1070 2481 Hippocratesll
1104 2397 1428 2466 Aleibtamts'lt‘nnioo

764 2577 1181 2668 Telesippwemophon

270 2679 405 2770 Apparet
424 2682 500 2764 iam,
527 2701 583 2766 quo
604 2681 722 2746 nomine
743 2677 934 2770 Hippocratis
956 2681 1011 2746 filii
1032 2704 1097 2746 cum
1117 2678 1236 2744 Pericle
1257 2679 1370 2744 minore
1389 2695 1429 2739 co·
1477 2707 1478 2742 t

272 2767 356 2854 gnati
385 2767 506 2832 fuerint.
549 2766 745 2855 Hippocrates
772 2777 868 2831 autem
895 2776 1014 2867 praetor
1038 2765 1095 2831 suit
1123 2764 1201 2829 hello
1222 2760 1428 2854 Peloponnesio

271 2851 388 2940 lllymp.
415 2847 579 2916 LXXXIX
611 2873 688 2916 anno
709 2851 819 2941 primo,
863 2872 913 2938 qur
944 2847 1058 3001 ‹pridem
1091 2847 1144 2915 Me
1167 2869 1248 2914 aram
1285 2869 1346 2913 una
1375 2865 1428 2910 cun

232 2968 234 2972 ·
271 2936 473 3002 Demosthene
495 2936 691 3045 oppugnarit,
712 2937 772 3002 vid.
794 2933 934 3024 Thucyd.
970 2935 1007 3005 V.
1029 2937 1089 3001 ὅδε
1145 2931 1261 3010 ’νόντες
1281 2933 1317 2998 δὲ
1338 2931 1365 2997 οῖ
1384 2931 1428 2994 τοῦ

273 3019 373 3102 δήμου
401 3045 571 3104 προστάται
593 3019 629 3086 οδ
652 3020 782 3086 δυνατὸν
807 3021 860 3086 τὸν
881 3025 980 3105 δῆμον
1006 3017 1149 3101 ἐσόμενον
1174 3014 1235 3082 dud
1257 3024 1321 3082 ταῖν
1340 3018 1428 3082 κακῶν

270 3105 347 3188 μετὰ
368 3111 456 3192 σφῶν
483 3115 651 3192 καρτερεῖν,
684 3113 842 3171 ποιοῦνται
869 3103 977 3192 λόγους
1004 3105 1155 3180 (λεάναντες
1180 3101 1258 3189 πρὸς
1285 3097 1359 3178 τοδς
1377 3103 1428 3164 τῶν

268 3189 440 3272 Ἀθηναίων
461 3188 667 3278 στρατηγούς,
688 3187 892 3277 Ἱπποκράτην
912 3214 944 3257 τε
964 3189 1019 3256 τὸν
1034 3190 1218 3278 Ἀρίφρονος
1237 3191 1288 3252 καὶ
1311 3189 1429 3270 Δημοσ-

272 3275 368 3358 θένην
392 3274 446 3340 τὸν
461 3275 690 3354 Ἀλκισθένους,
723 3275 903 3360 βουλόμενοι
930 3279 1070 3342 ἐνδοῦναι
1097 3275 1153 3358 τὴν
1175 3271 1263 3338 πόλιν
1283 3277 1334 3338 καλ
1355 3267 1429 3350 νομί·

272 3362 371 3439 ζοντες
398 3359 517 3427 ἐλάσσω
548 3365 636 3447 σφίσι
668 3362 722 3426 τὸν
750 3363 887 3427 κίνδυνον
913 3359 933 3446 ἢ
959 3357 1032 3437 τοδς
1059 3353 1240 3434 ἐκπεσόντας
1265 3355 1328 3424 tut
1353 3357 1428 3440 σφῶν

272 3447 439 3510 κατελθεῖν.
483 3447 521 3513 of.
550 3447 620 3513 ihid.
649 3469 673 3513 c.
694 3449 747 3514 67.
789 3447 904 3514 Cecidit
932 3447 1038 3512 deinde
1067 3446 1100 3510 in
1131 3446 1250 3510 funesto
1283 3444 1336 3508 illo
1363 3433 1428 3528 apud

273 3531 393 3596 Delium
414 3533 543 3641 proelio,
571 3534 630 3599 vid.
652 3533 792 3620 Thucyd.
813 3531 867 3601 IV.
887 3533 945 3598 892
990 3536 1056 3596 Τοῦ
1078 3527 1109 3594 δ’
1134 3529 1358 3614 ἐπιγιγνομένου
1374 3545 1429 3607 χει·

272 3624 374 3699 μῶνος
393 3617 488 3694 eadric
509 3617 694 3700 ἀρχομένου,
717 3615 760 3692 ὥς
780 3623 824 3704 τῷ
843 3615 1033 3700 Ἱπποκράτει
1055 3618 1106 3680 καὶ
1127 3613 1324 3698 Δημοσθένει
1345 3631 1429 3692 στρα-

272 3712 375 3786 τηγοῖς
407 3694 492 3766 οὖσιν
515 3702 688 3786 Ἀθηναίων
714 3703 754 3767 τὰ
781 3703 812 3766 ἐν
838 3711 904 3780 τοῖς
930 3705 1079 3778 Βοιωτοῖς
1104 3701 1264 3765 ἐνεδίδοτο.
1308 3703 1337 3764 et
1363 3711 1427 3780 quae

273 3795 433 3874 sequnntur
453 3809 545 3874 usque
567 3789 603 3853 ad
625 3811 649 3853 e.
674 3789 745 3870 101,
766 3788 818 3852 uhi
838 3809 902 3852 cum
925 3787 1064 3852 aliatum
1086 3787 1159 3850 haec
1179 3785 1334 3872 leguntur:
1349 3774 1428 3846 Ἀσί-

271 3877 372 3938 θανον
397 3874 431 3937 δέ
457 3876 604 3937 Βοιωτῶν
628 3873 684 3954 μὲν
706 3907 747 3923 -
782 3871 958 3956 Ἀθηναίων
983 3873 1017 3937 δὲ
1042 3870 1133 3958 ὀλίγῳ
1159 3865 1308 3945 ἐλάσσους
1334 3863 1428 3948 pltat

273 3961 324 4022 καὶ
347 3955 549 4042 Ἱπποκράτης
579 3955 595 4020 ὁ
623 3955 807 4042 στρατηγός,
849 3962 952 4040 φιλῶν
970 3957 1015 4022 ’δὲ
1041 3959 1091 4020 καὶ
1120 3953 1316 4039 σκευοφόρων
1344 3943 1427 4017 nothe

274 4042 419 4125 ἀριθμός.
454 4043 503 4110 Cf.
520 4043 644 4108 Diodor.
665 4043 733 4108 XII.
746 4045 788 4109 69
809 4050 838 4108 et
858 4045 911 4127 70,
932 4042 1018 4108 Xeno
1039 4042 1098 4105 hon
1118 4039 1282 4104 Memorab.
1296 4036 1351 4103 111,
1361 4033 1391 4113 5,
1399 4026 1426 4108 4,

272 4129 450 4194 Plutarchus
471 4129 525 4193 vit.
543 4127 648 4193 Niciae
670 4151 694 4192 c.
715 4130 746 4194 o.
776 4128 872 4194 Fihos
894 4137 990 4193 autem
1011 4063 1072 4215 dip
1093 4132 1207 4190 cerates
1229 4123 1344 4224 relipuit
1360 4135 1426 4218 pon-

274 4213 342 4279 dum
364 4213 495 4296 adultos,
527 4213 581 4277 sod
601 4213 713 4278 malitia
734 4220 763 4278 et
783 4214 907 4278 stultitia
927 4213 1054 4278 maxime
1073 4210 1228 4296 insignes,
1255 4229 1304 4295 qur
1324 4201 1425 4292 quidem

275 4321 338 4364 cum
366 4301 412 4364 sui
448 4299 522 4363 iuris
550 4308 651 4363 essent
675 4300 747 4363 lacti
779 4321 844 4364 cum
878 4305 973 4363 tutore
1005 4295 1113 4361 acriter
1143 4295 1348 4384 litigaverunt,
1386 4301 1425 4346 111

273 4384 388 4472 Lysias
410 4385 575 4452 orationem·
592 4383 800 4475 suppeditavit,
821 4405 879 4471 qua
899 4385 936 4476 ah
956 4383 1024 4448 istis
1038 4379 1192 4448 columniis
1213 4371 1425 4445 sedelendsreh
