3004 5048
301 347 360 418 uu
384 299 526 424 auaro.
548 343 735 420 comoau,
755 345 861 425 aar,
882 347 1027 424 auaro.
1171 347 1243 417 γοα

76 517 115 584 οδ
140 515 294 606 christoph.
315 515 439 604 Fragm.
466 537 495 606 p.
516 517 538 582 6
559 537 658 602 sequ,
699 515 754 582 secl
782 537 843 582 non
873 517 946 582 satis
971 523 1050 586 recte
1077 522 1243 585 correxisse
1318 597 1321 602 Δ

75 603 149 670 nihi
169 601 296 671 videtur.
327 600 472 687 Equidem
493 601 537 666 siu
558 608 654 666 statuo
675 599 900 666 conformandos
922 623 989 667 esse
1010 610 1201 693 anapaestos:

161 690 208 753 A.
225 686 293 751 'But
309 686 485 770 καινοτέρας
499 685 710 768 theopompo
729 679 868 767 βίον,ῶ
886 685 1098 771 μοχθηρός,
1120 687 1244 771 ἔτριβες.

161 774 204 837 Β.
247 773 325 848 Πῶς
346 763 371 836 ῶ
392 775 512 836 πολλῶν
532 769 592 852 ήδη
613 768 757 836 λοπάδων
776 770 848 848 τοδς
869 771 1016 853 ἄμβωνας
1037 776 1211 858 περιλείξας.

73 855 203 926 Videtur
231 858 310 922 onim
331 855 454 946 Eupolis
479 878 518 921 ex
538 857 661 944 ingenio
686 857 786 958 populi
806 855 899 922 Attici
926 865 956 922 at
981 859 1113 923 instituto
1134 861 1243 924 veteris
1332 861 1334 866 ’

73 942 247 1008 comoediae
268 942 340 1008 duos
361 943 494 1010 homines
515 963 623 1031 pravos
644 948 674 1008 et
695 944 823 1008 abiectos
848 943 928 1008 inter
953 963 987 1007 se
1005 943 1137 1010 rixantes
1158 953 1245 1029 atque

70 1027 231 1115 litigantes
251 1027 424 1110 induxisse,
445 1048 483 1092 ex
504 1028 607 1113 quibus
629 1049 720 1110 unus,
742 1049 807 1092 cum
829 1028 914 1092 alteri
935 1029 1041 1111 vitam,
1062 1050 1147 1114 quam
1169 1049 1245 1092 uovo

75 1113 202 1198 quodam
228 1112 330 1196 niodo,
364 1113 429 1178 sine
455 1111 515 1178 ullo
542 1113 676 1201 exemplo
708 1119 779 1200 agat
804 1113 964 1202 improbam
995 1121 1025 1177 et
1049 1114 1245 1195 inhonestam,

75 1198 304 1286 exprobrasset,
333 1197 384 1262 illo
411 1198 534 1262 eundem
556 1209 692 1282 tanquam
713 1197 909 1286 impudentem
950 1199 1089 1263 arasitum
1111 1199 1247 1284 castigat.

69 1271 110 1346 Ὠ
129 1281 296 1366 μοχθηρὸς
316 1281 359 1347 ita
379 1283 486 1350 (lictum
507 1283 550 1347 uti
572 1283 648 1372 apud
669 1283 841 1374 Euripidem
861 1283 894 1347 in
915 1219 1085 1350 'lroadibus
1107 1285 1246 1350 arom:

154 1359 198 1431 Ὦ
221 1370 325 1454 φίλος,
346 1359 372 1432 ol
393 1364 464 1432 πόσι
485 1391 540 1446 μοι

161 1450 210 1516 zo
232 1452 288 1533 μὲν
309 1452 459 1536 φθίμενος
478 1451 620 1529 ἀλαίνεις.

75 1535 136 1601 alia
154 1536 186 1602 id
209 1557 316 1626 genus,

160 1621 209 1694 Eu
231 1622 318 1694 olidis
351 1643 391 1688 ex
422 1623 519 1710 Pagis
556 1621 755 1708 fragmentum
791 1621 903 1708 legitur
941 1622 1017 1710 apucl
1052 1623 1249 1689 Scholiastum

75 1645 233 1796 christoph).
254 1708 333 1782 Avv,
347 1709 444 1774 1576?
466 1707 667 1780 Λαισποδίας
688 1707 722 1770 δὲ
743 1709 792 1770 καὶ
809 1708 978 1786 Δαμασίας
999 1703 1041 1782 ῶς
1062 1704 1248 1791 κακδκνημοι
1278 1717 1286 1736 ·

75 1788 315 1872 frondatorum·
345 1787 524 1874 μνημονεύει
546 1791 580 1854 δὲ
600 1789 704 1854 αὐτῶν
724 1794 774 1854 καὶ
798 1789 932 1866 Εδίπολις
953 1793 985 1856 ἔν
1005 1787 1142 1873 Δήμοις·

165 1879 247 1940 Τοιδλ
270 1876 303 1939 δὲ
323 1874 363 1939 sol
384 1877 496 1958 δίνδρα
516 1877 717 1951 Λαισποδίας
738 1878 789 1940 καὶ
811 1876 980 1958 Δαμασίας

161 1961 299 2027 Auianius
319 1968 388 2034 ταῖς
407 1959 568 2042 κνήμαισιν
589 1959 801 2028 δικολονδσῦσί
817 1985 881 2042 μοι.

73 2041 160 2110 Sulis
180 2051 401 2134 praeposterum
422 2045 479 2114 hoc
494 2045 557 2110 looo
579 2052 610 2109 ot
625 2045 804 2134 superfluum
823 2045 898 2112 illud
919 2043 1073 2112 αὐταῖσι
1093 2051 1162 2122 rufe,-
1181 2037 1250 2128 κνή-

73 2153 186 2210 μαισιι
214 2130 372 2220 scripsisse
392 2139 507 2222 poetam
529 2129 683 2195 existimor

162 2215 358 2278 Λεπταίσι
378 2225 446 2291 ταῖς
467 2211 597 2298 κνήμαις
617 2213 829 2280 ἀκολουθοῦσί
846 2239 912 2296 μοι.

74 2295 150 2362 Fuit
171 2301 250 2364 onim
261 2299 449 2387 Laaspodias
470 2300 533 2382 illa,
555 2301 630 2365 sicut
651 2301 738 2366 οίίτιαν
749 2300 919 2382 Damasias,
940 2300 1073 2364 cruribus
1096 2298 1249 2364 admodum

134 2382 252 2450 cilentis
274 2391 305 2449 et
325 2385 503 2466 incurvatis,
525 2386 601 2471 quod
621 2385 722 2450 vitium
744 2392 777 2449 ut
798 2385 916 2462 celaret,
937 2385 1056 2474 pallium
1080 2385 1251 2472 longiuscu-

76 2487 136 2564 um
158 2471 313 2556 gestabat3
336 2469 405 2536 hinc
426 2470 643 2622 Aristophanes
664 2471 696 2535 iu
717 2469 833 2534 Avibus
856 2492 892 2535 eo
914 2492 998 2556 quem
1020 2470 1083 2536 dixi
1105 2466 1171 2534 loco
1192 2489 1255 2533 non

74 2551 206 2618 infacete
227 2555 306 2619 huno
326 2555 473 2620 bominem
494 2557 521 2619 ri
542 2563 590 2618 st:
984 2611 986 2618 .

166 2629 269 2714 Οὗτος
289 2639 321 2702 τί
339 2641 432 2727 δρᾷςς
460 2638 509 2702 ἐπ’
533 2636 669 2723 ἀρίστερ’
693 2633 791 2714 οὕτως
806 2635 956 2720 διμπίχειη

69 2783 71 2788 .
166 2721 216 2788 ot
235 2729 417 2832 μεταβαλεῖς
437 2720 603 2804 θοίμάτιον
624 2714 681 2786 ὧδ’
706 2723 755 2786 ἐπὶ
776 2720 895 2804 δεξιάνς

165 2808 214 2868 Τί
228 2833 253 2871 ον
274 2803 481 2889 κακίδαιμονς
519 2806 721 2880 Λαισποδίας
743 2802 771 2870 εἶ
787 2807 844 2888 τήν
870 2805 981 2888 φύσιας

76 2889 128 2953 ubi
154 2889 339 2958 Scholiasta:
382 2889 429 2956 ὅτι
460 2891 517 2974 τὴν
548 2887 666 2976 κνήμην
693 2888 750 2973 εἶχε
782 2891 903 2974 σαπρδιν
935 2888 1173 2965 ὃΛαισποδίας
1199 2892 1250 2952 καί

76 2973 168 3059 μέχρι
185 2983 247 3041 τῶν
271 2974 356 3042 ,κάτω
377 2973 604 3062 περιεβάλλετο·
632 2978 683 3046 καλ
705 2977 735 3040 οἳ
760 2977 916 3062 βάρβαροι
938 2976 1143 3056 allaborabo
1166 2999 1251 3058 περι-

76 3061 258 3144 protonat·
280 3099 322 3112 -
336 3059 418 3144 ’Ήχει
439 3063 473 3127 δὲ
493 3065 543 3126 καλ
565 3065 633 3150 περὶ
654 3061 711 3138 τοὶς
732 3059 848 3144 κνήμας
868 3060 953 3138 τινδις
974 3064 1087 3138 αἰτίας,
1110 3057 1151 3135 ῶς
1172 3081 1250 3145 φησι

76 3138 229 3228 Στράττις
250 3149 283 3212 ἓν
303 3148 451 3236 Κινησίᾳ·
480 3147 600 3212 διὸκαὶ
623 3139 702 3212 κατὰ
720 3153 836 3212 σκελῶν
859 3146 963 3234 ἐφόρει
984 3145 1020 3210 τὸ
1047 3140 1166 3226 ἱμάτιον
1172 3193 1181 3222 ,
1209 3142 1252 3222 ῶς

80 3229 267 3316 Θεόπομπος
292 3234 325 3296 ἓν
344 3234 476 3298 Παισίν·
519 3230 701 3315 Δημήτριος
726 3233 759 3296 δὲ
785 3235 835 3296 καλ
864 3231 973 3308 πάντες
993 3231 1048 3296 τὸν
1065 3231 1172 3310 Ἰξίονα
1201 3229 1253 3294 λί-

75 3336 182 3394 γοιισιν
203 3320 236 3382 ἒν
256 3327 324 3392 ταῖς
332 3316 483 3394 Ἀττικαῖς
504 3319 625 3394 λίξεσιν.
639 3319 737 3405 ssago:
760 3314 847 3399 Δήμ.
869 3321 918 3382 καί
942 3317 979 3398 οἳ,
992 3319 1058 3400 περὶ
1074 3315 1128 3380 τὸν
1142 3315 1251 3392 Ἰξίονα

77 3399 152 3487 aly.)
176 3399 219 3479 ῶς
239 3408 381 3488 γλῶσσαν
402 3404 588 3486 ἐξηγεῖσθαι,
612 3399 656 3470 ὅτι
668 3405 867 3479 Λαισποδίας
889 3405 969 3468 ἐστίν
990 3398 1007 3466 ὁ
1029 3400 1164 3486 ἀκρατής
1186 3403 1253 3482 περὶ
1333 3429 1338 3438 ·

80 3483 120 3546 aa
160 3487 351 3573 ἀφροδίσια,
393 3485 470 3552 ὥστε
503 3490 553 3551 καί
591 3487 685 3572 κτήνη
724 3490 856 3572 σποδεῖν,
917 3487 1064 3554 Conlorus
1106 3486 1255 3593 Hesychii

80 3575 214 3651 quamvis
247 3593 417 3662 perversam
451 3573 695 3661 explicationem:
737 3573 961 3649 Λαισποδιάςν1
1002 3569 1098 3654 ὄνομα
1132 3581 1254 3655 κοριον·

80 3651 154 3720 ἔνιοι
177 3659 212 3723 δὲ
231 3660 285 3723 τδν
300 3657 492 3733 Ἀλκμαίωνα
513 3655 665 3743 ᾠήθησαν
686 3657 828 3743 λέγεσθαι
851 3659 992 3741 (fortasse
1013 3656 1066 3721 τδν
1081 3655 1254 3736 Ἀλκμαίω-

82 3761 146 3818 νος,
192 3751 223 3809 ut
254 3745 345 3809 fuerit
371 3741 557 3830 Laaspoollas
590 3767 607 3808 o
636 3751 725 3832 gente
751 3743 1041 3826 Alcmaeoniclurum)
1077 3741 1104 3804 ol
1138 3742 1172 3804 δὲ
1199 3739 1256 3803 τδν

82 3824 102 3887 δ
121 3826 284 3904 επανῶδεις
304 3825 403 3902 πόδας
424 3825 541 3908 ἔχοντα.
568 3828 655 3894 Addo
672 3829 820 3938 Touplum
843 3830 880 3894 ud
903 3829 1098 3894 Scltollostum
1119 3825 1256 3890 Thabor.

81 3849 125 3974 ll.
146 3913 200 3984 lV.
222 3915 278 3980 63:
322 3914 442 3998 „Atque
462 3913 532 3976 hinc
553 3913 653 3977 Panes
676 3938 860 3993 κακοκνημοι
882 3914 970 3978 ficti:
991 3933 1057 3975 nam
1080 3931 1138 3974 vox
1159 3907 1252 3974 κακό-

86 4020 199 4079 ιινημος
220 3999 252 4062 iu
273 3998 409 4064 obscenis
422 4004 476 4062 est.
498 3996 583 4070 Quod
593 3997 731 4062 didicisse
745 3997 849 4062 videor
870 3993 1247 4084 exScboliastuAristoph.

83 4079 142 4146 Αν.
164 4083 264 4164 1568,
307 4082 357 4146 ubi
382 4081 568 4172 Laespodias
597 4090 627 4146 et
646 4082 805 4148 Damasia·
833 4083 966 4150 hominos
988 4080 1128 4164 ἀκρατεῖς
1156 4087 1185 4144 et
1213 4079 1250 4144 ud

84 4159 233 4231 Venerem
259 4163 404 4256 proclives
432 4163 617 4250 raedemptor
641 4167 794 4251 dicuntur,
826 4168 847 4232 i.
868 4191 895 4232 e.
957 4165 1088 4232 uuilentis
1115 4165 1249 4228 cruribus

85 4245 232 4315 deformes
254 4259 283 4314 et
304 4251 504 4338 iu-palaestra
524 4252 652 4322 Veneris
674 4252 782 4317 detriti.
826 4187 1009 4338 llesyffiius:
1031 4247 1248 4331 Κακόκνημος·

84 4331 320 4422 κακὸφθορτος,
342 4331 539 4411 κακόσιτος.“
580 4337 648 4400 Ηοσ
669 4337 744 4402 adulo
766 4335 977 4404 Callimachum
998 4335 1075 4424 apud
1097 4334 1251 4400 Gramma-

86 4413 172 4488 tioum
191 4420 224 4488 io
244 4417 346 4486 Bekk.
367 4417 481 4486 Aneco.
503 4420 545 4486 Τ.
567 4419 622 4488 ΙΗ.
640 4441 672 4512 p.
694 4422 793 4490 11882
898 4473 904 4486 .
