3042 5070
238 273 281 360 u
591 264 596 272 ’
624 268 1029 354 commuramouts

316 455 387 524 ’λεω
408 456 443 523 δέ
462 459 514 522 καί
534 454 708 544 τραγωδίας
729 448 915 530 διδάσκαλος

317 539 358 610 ‘0
378 540 563 625 Κλεομάχου
583 541 662 623 μετά
681 543 744 604 τῶν
764 541 882 616 κακῶν,
914 543 1141 628 παρατιλτριῶν

315 625 416 711 ’Ἐχων
439 629 533 714 χορὸν
553 627 691 691 Λυδιστὶ
712 629 881 689 τιλλουσῶν
901 625 980 707 μέλη

323 716 395 778 Πον
436 711 467 777 ά.

184 817 185 822 ’
239 739 487 888 Ειιοςὶωίηάαίια
516 795 713 883 Gneslppum,
754 791 925 859 Cleomaehi
952 793 1065 874 filium,
1098 794 1175 880 quod
1201 794 1233 858 in
1259 798 1416 884 tragoedia

240 887 337 972 aliqua
364 885 476 948 lasciva
503 881 644 966 quaedam
679 879 811 944 earmina
837 878 875 942 ad
904 878 1019 942 modum
1048 879 1181 966 Lydium
1208 883 1415 970 composuerit.

238 968 333 1039 Recte
355 975 449 1034 autem
471 966 541 1031 libri
570 985 672 1028 omnes
695 961 711 1027 ὅ
733 959 919 1044 Κλεομάχου
945 964 1105 1052 praebent,
1140 967 1240 1050 itaque
1268 967 1356 1031 etiam
1383 968 1417 1031 in

238 1058 295 1122 hoc
317 1075 405 1118 versu
427 1073 466 1117 ex
487 1049 608 1115 Bueohs
630 1050 688 1114 scri
709 1049 735 1112 si
760 1054 810 1134 τῷ
832 1045 1063 1130 Κλεομάχου
1086 1071 1150 1113 eum
1172 1056 1216 1113 τῶ
1239 1047 1417 1133 Κλεομάχω

239 1142 400 1228 legeretur.
454 1135 594 1202 Ceterum
621 1071 707 1199 illutl
729 1134 797 1214 ἐμοὶ
828 1129 980 1196 διδάσκειν
1012 1113 1240 1220 αοηυιιηιιααίιι
1268 1115 1417 1201 sermonis

238 1226 357 1313 legibus
379 1230 409 1288 et
429 1219 640 1286 consuetudine
667 1219 822 1299 abhorret,
855 1217 1007 1306 significat
1032 1219 1110 1283 enim
1136 1220 1215 1284 idem
1242 1221 1319 1305 quod
1346 1223 1417 1304 ἐμοὶ

236 1305 502 1395 χοροδιδάσκαλοι
522 1301 613 1380 εἶναι,
645 1302 774 1390 loquitur
795 1307 892 1367 autem
914 1303 1021 1367 chorus
1044 1303 1121 1404 apud
1143 1303 1308 1386 Cratinum.

323 1393 374 1459 Ad
394 1391 523 1458 Bucolos
544 1390 673 1456 fortasse
694 1387 871 1472 referendus
894 1395 940 1452 est
960 1387 1048 1452 etiam
1068 1389 1120 1453 dle
1141 1411 1264 1471 versus,
1302 1391 1352 1478 qui
1373 1391 1419 1456 le·
1499 1418 1500 1448 ι

239 1479 321 1569 gitur
347 1477 424 1568 apud
450 1473 589 1581 Photium
612 1493 642 1562 p.
668 1471 749 1555 460,
770 1475 806 1540 3:
848 1472 1008 1557 Προσίσχε
1029 1471 1084 1537 τὸν
1104 1479 1177 1538 νοῶν
1197 1477 1281 1562 τῇδε.
1324 1479 1420 1564 Κρα-
1500 1575 1501 1590 ρ

237 1589 390 1713 τινοςΚηιλ
410 1644 454 1728 μὴ
476 1643 620 1726 προσίσχε
640 1636 831 1726 βαθβάθθωι
851 1635 1024 1722 ‘mim'

237 1733 326 1800 Adde
348 1731 470 1799 Suidam
492 1730 533 1794 Τ.
554 1729 609 1793 ΠΙ.
631 1749 659 1816 [ι.
683 1728 754 1792 199.
796 1724 838 1789 Et
862 1725 942 1792 haud
969 1727 1032 1790 scio
1054 1747 1093 1790 an
1115 1726 1191 1791 alius
1213 1745 1327 1815 quoque
1347 1752 1419 1796 ver·
1501 1731 1502 1770 ³

239 1841 290 1884 sus
312 1834 352 1882 ex
372 1818 428 1880 hac
448 1815 631 1971 pptissimum
653 1811 756 1876 fabula
776 1813 883 1899 petitus
906 1811 960 1893 sit,
992 1812 1041 1896 qui
1062 1811 1176 1899 legitur
1188 1813 1265 1900 apud
1285 1816 1418 1881 Dionem

240 1904 398 1990 chrysost.
419 1901 450 1964 L
480 1901 505 1965 Ι.
527 1899 568 1964 Τ.
589 1897 630 1964 ll.
651 1919 680 1988 p.
702 1897 781 1962 290:
817 1895 865 1959 Ἢ
890 1895 946 1960 οὐκ
973 1894 1145 1980 ἀνέγνωκας
1170 1903 1264 1963 τοῦτο
1286 1899 1322 1964 τά
1343 1900 1419 1978 laag
1502 1886 1503 1906 ί

237 1990 411 2076 Κρατίνου·
987 2019 988 2023 =

322 2069 449 2157 Ποιμὴν
470 2065 638 2148 καθέστηκ’
664 2059 792 2140 αἲιιόλος
813 2065 864 2128 καὶ
885 2062 1054 2149 βαυκάλος;

237 2159 416 2246 Legebatur
436 2153 590 2232 καθέστη,
617 2151 764 2214 Reiskius
785 2149 927 2231 κατέστη.

325 2240 443 2306 Accede
474 2237 512 2302 ad
539 2239 720 2310 Heliades,
763 2254 837 2319 quae
865 2233 967 2298 fabula
997 2235 1068 2299 item
1096 2257 1115 2299 a
1141 2236 1231 2302 choro
1264 2238 1419 2328 virginum

238 2327 431 2392 Deliacarum
452 2343 560 2386 nornen
580 2321 698 2384 videtur
719 2321 860 2384 traxisse.
894 2317 937 2383 Et
939 2319 1072 2468 primum
1087 2321 1203 2406 quidem
1225 2323 1262 2388 de
1284 2331 1419 2426 tempore
1505 2354 1506 2374 ι

239 2433 296 2563 puo
318 2418 383 2476 acta
404 2409 444 2474 sit
464 2406 566 2471 fabula
587 2405 783 2468 coniecturam
812 2404 912 2468 facere
953 2405 1035 2468 ubet:
1070 2406 1207 2472 existimo
1236 2409 1315 2473 enim
1342 2411 1420 2475 inei-

259 2499 321 2562 isse
342 2497 375 2560 in
395 2491 470 2558 illud
490 2498 620 2578 tempus,
642 2489 718 2574 quod
738 2488 972 2554 Atheniensibus
993 2491 1051 2554 fuit
1070 2489 1329 2576 luctuosissimum,
1351 2518 1420 2562 cum
1506 2523 1507 2562 ι

238 2582 364 2674 pestifer
384 2578 503 2644 morbus
534 2595 574 2640 ex
594 2572 755 2662 Aethiopia
773 2573 945 2674 profectus,
967 2575 1118 2663 paullatim
1139 2576 1302 2642 Persarum
1324 2580 1421 2668 impe-

238 2669 315 2734 rium
335 2667 532 2754 pervagatus,
563 2657 692 2724 Atticam
715 2659 841 2758 demque
862 2660 1023 2748 occupavit.
1068 2659 1151 2734 Quae
1172 2662 1271 2728 clades
1294 2674 1421 2750 quanto-

237 2773 310 2844 pere
336 2747 465 2814 omnium
493 2744 722 2810 Atheniensium
757 2763 871 2807 ammos
898 2743 946 2808 fre
970 2746 1028 2809 erit
1065 2753 1095 2808 et
1121 2749 1323 2831 enervaverit,
1363 2751 1421 2815 vix

238 2838 312 2903 satis
334 2835 392 2900 dici
414 2838 465 2898 aut
484 2831 561 2918 fingi
587 2835 693 2918 potest
741 2827 831 2894 Solus
857 2766 1011 2912 Periohes,
1043 2831 1125 2895 cuius
1153 2832 1267 2898 animus
1298 2835 1421 2922 sapien-

238 2925 297 2989 tiae
318 2918 483 3010 praeceptis
505 2915 631 3004 egregie
653 2913 780 2980 munitus
802 2920 832 2979 et
853 2915 1043 2980 confirmatus
1066 2923 1145 2997 etat,
1171 2917 1201 2981 in
1225 2919 1281 2982 hac
1303 2941 1419 3006 quoque

239 3007 404 3074 ealamltato
430 3003 586 3092 pristinam
614 3000 789 3088 dignitatem
821 3006 908 3084 atque
936 2999 1025 3064 decus
1052 3003 1197 3066 servavit:
1241 3011 1343 3069 auctor
1370 3012 1421 3070 est

240 3092 436 3186 gravissimus
457 3085 585 3152 Periclis
607 3092 637 3149 et
657 3085 787 3171 aequalis
810 3091 840 3148 et
860 3083 1016 3150 familiaris
1035 3085 1231 3174 Protagoras,
1253 3091 1303 3174 qui
1342 3111 1418 3154 uan-

240 3187 271 3242 ta
291 3177 343 3241 ille
365 3175 456 3240 suerit
476 3169 665 3252 fortitudine,
688 3177 797 3256 quauta
811 3168 914 3233 mortis
934 3169 1126 3259 despicientia
1151 3173 1300 3239 commode
1316 3109 1416 3240 hcet:

239 3263 300 3326 vid.
332 3257 484 3324 Plutarch.
518 3254 671 3324 Consolat.
704 3255 750 3320 ad.
781 3253 922 3343 Apollon.
950 3275 975 3319 ο.
1002 3257 1073 3321 dih:
1116 3257 1270 3342 Περικλέα
1298 3259 1332 3322 δὲ
1362 3259 1418 3324 τὸν

236 3343 407 3429 Ὀλύμπιον
436 3340 726 3429 προσαγορευθέντα
752 3337 807 3403 διά
828 3337 884 3420 τὴν
906 3341 972 3422 περὶ
994 3339 1047 3405 τὸν
1067 3337 1157 3426 λόγοι·
1178 3345 1229 3406 καὶ
1250 3344 1307 3428 τὴν
1327 3341 1417 3410 υάνε-

240 3456 290 3498 οιν
316 3428 584 3512 ὑπερβεβλημένην
615 3423 760 3508 δάναμιν,
798 3421 977 3506 πυθόμενον
998 3425 1195 3513 ἀμφοτέρους
1216 3428 1313 3494 αὐτοῦ
1342 3427 1417 3506 toric

241 3515 327 3593 υἱοὺς
352 3513 573 3598 μετηλλαχέναι
604 3513 658 3576 τὸν
688 3514 782 3594 ptiar,¹
811 3506 963 3596 Πάραλόν
989 3535 1021 3576 τε
1048 3515 1099 3576 καλ
1131 3509 1331 3593 Ξάνθιππον,
1373 3514 1417 3592 ῶς

243 3595 703 3751 tlttdtttltta‘t'lt
728 3594 836 3747 ‘tlt
869 3599 976 3746 aiii
1000 3593 1211 3749 ⁷ttt²tt⁹
1232 3601 1418 3749 «Ἴων

243 3767 534 3847 ἀποθανόντων,
577 3728 795 3849 νάπενθέως
821 3708 1147 3853 άνέεληίςεάδίηῃς
1180 3711 1418 3855 γάῖμεάχῃεῖιοῖ

244 3858 281 3933 ἔξ
312 3849 355 3940 ἧς
382 3854 524 3919 πολλάν
545 3846 667 3934 ῶνητο
693 3852 788 3916 κατά
810 3858 936 3918 πάσαν
958 3850 1104 3940 ἡμέρην
1126 3857 1180 3932 εἰς
1205 3855 1418 3965 εὔκοομίην

244 3946 306 4007 καὶ
328 3941 540 4022 ἀνωδυνίην
560 3940 623 4001 καί
644 3935 710 4019 τὴν
729 3935 768 4002 ἓν
787 3947 870 4016 τοῖς
892 3937 1072 4005 πολλοῖσι
1094 3937 1226 4017 δόξαν·
1254 3947 1325 4018 πῶς
1346 3967 1416 4030 γαρ

243 4031 304 4103 ’τίς
337 4022 529 4109 μινὸρῶν
556 4019 763 4088 attactae
797 4025 945 4090 πένθεα
973 4025 1199 4111 ἐρρωμένως
1232 4027 1414 4112 φέροντα,

245 4105 515 4197 μεγαλόφρονά
543 4131 581 4174 τε
612 4110 674 4172 καί
698 4107 881 4196 άνδριῖον
907 4107 1030 4175 ἐδόκει
1057 4108 1153 4174 εἶναι
1185 4113 1248 4175 καὶ
1275 4109 1416 4178 ἑαυτοῦ

247 4199 424 4282 κρέίσσω,
447 4189 687 4279 κάρταεῖδῶς
707 4195 775 4276 τὴν
796 4193 934 4261 ἑαυτοῦ
956 4196 994 4259 ἐν
1014 4196 1186 4260 τοιαῖσδε
1213 4193 1415 4283 πράγμασι

247 4281 416 4367 άμηχανί
421 4306 473 4364 ην.
515 4280 700 4345 Documento
731 4287 801 4345 sunt
827 4279 902 4346 haec
932 4281 1025 4344 verba
1055 4279 1258 4369 Protagorae,
1302 4283 1352 4382 qui
1378 4303 1414 4348 eo

245 4371 311 4459 ipso
331 4377 461 4459 tempore
481 4365 599 4432 videtur
628 4365 757 4431 Athenis
794 4371 988 4433 commoratus
1016 4387 1100 4450 esse,
1132 4371 1269 4454 quautam
1295 4389 1355 4435 urm
1382 4367 1416 4434 in
