3096 5062
347 341 350 351 ¹
390 337 451 407 ou
472 337 613 414 anuo.
635 327 822 420 eomodo.
842 283 948 406 aar.
968 336 1112 414 norro.
1267 335 1334 406 nos

170 512 203 578 ἓν
229 505 275 588 οἷς
302 513 403 586 κακῶς
427 507 505 660 λλρει
530 461 585 572 τὸν
606 500 841 592 Ἀριστοφάνην,
869 499 912 583 ὡς
936 503 977 570 cai
998 499 1169 582 Εὐπόλιδος
1247 527 1331 570 οντα.

168 597 320 682 Rectaque
345 595 457 660 Runke
470 595 516 658 ‘us
552 599 582 657 et
608 591 792 656 Fritasohius
824 591 882 656 huc
910 597 1088 655 revocarunt
1116 589 1196 678 illos
1240 589 1330 656 ratini

168 703 291 764 versus,
312 701 384 767 quos
404 678 541 745 Platonis
563 676 731 743 Scholiasta
749 698 778 766 p.
799 677 864 741 330
884 675 931 741 ed.
951 675 1053 740 Beklr.
1074 674 1216 740 mavit:

475 764 533 840 Τίς
554 763 587 826 δὲ
607 757 664 844 ori,-
685 759 809 843 ιιζομψός
828 783 875 838 τις
895 759 995 843 ἔροιτο
1015 757 1146 841 θεατής·

247 843 524 932 Ὑπολενιταλόησς,
544 843 785 932 caputiatum,
808 843 1034 931 εὖρινιιδαριατα
1061 845 1178 924 ανίζσιν.

167 935 273 1022 quihus
300 934 400 999 verhis
423 931 581 1014 Cratinus,
603 932 801 1032 peritissimus
826 937 978 1020 poetarum
1006 869 1134 1027 arditer,
1165 928 1239 1028 scito
1258 928 1330 995 Ari·

168 1020 321 1109 stophanis
342 1018 495 1106 ingenium
517 1017 684 1106 descmpsit:
713 1015 767 1080 sed
788 1014 901 1080 dehoc
927 1017 1049 1080 crimine
1068 1035 1134 1104 apso
1153 1013 1331 1102 Aristopha-

167 1125 224 1170 nes
257 1105 334 1169 dixit
363 1103 395 1167 in
421 1101 597 1168 lllulierihus
630 1101 718 1167 sedes
754 1101 978 1189 occupantibus,
1020 1101 1058 1166 de
1089 1119 1147 1185 qua
1177 1120 1211 1164 re
1243 1099 1330 1166 modo

168 1190 439 1358 mcmgudssquam
465 1275 559 1336 autem
586 1269 623 1335 de
647 1269 703 1334 hac
734 1269 918 1334 nohihssima
943 1269 1045 1334 fahula
1070 1270 1236 1350 odamnunc
1263 1277 1332 1359 post

167 1359 317 1424 hominum
339 1357 487 1422 doctorum
508 1355 735 1444 disceptationes
755 1376 817 1420 nou
836 1375 930 1443 pauca
949 1360 1074 1443 possunt
1093 1353 1212 1436 disseri,
1232 1361 1331 1421 tamen

168 1444 278 1508 omissa
309 1441 446 1530 longiore
478 1439 673 1528 disputatione
714 1461 786 1504 auca
813 1439 954 1525 quaedam
987 1439 1108 1527 eligam.
1150 1435 1191 1503 Et
1217 1439 1252 1504 in
1275 1439 1328 1506 illo

167 1529 283 1614 quidam
303 1546 409 1607 versu,
431 1525 480 1611 qui
500 1524 612 1612 legitur
632 1459 712 1614 apud
730 1523 852 1590 Suidam
873 1522 915 1590 T.
931 1524 961 1591 l.
982 1546 1011 1616 p.
1032 1525 1112 1589 31⁰2

246 1611 412 1696 Ἀραχνίιιιν
432 1609 547 1693 μεστὴν
567 1609 642 1691 ἔχεις
662 1605 718 1694 την
752 1609 877 1694 αστίρα,
1192 1620 1195 1636 “

166 1717 227 1761 non
252 1703 322 1786 puto
341 1694 495 1761 Cratinum
522 1695 653 1760 secunda
680 1633 797 1783 syldaha
825 1695 910 1759 verbi
931 1692 1087 1780 ἀραχνίων
1114 1699 1216 1759 caah-a
1236 1694 1330 1762 Attici

166 1782 312 1846 sermonis
334 1779 572 1845 consuetudinem
584 1779 820 1870 productausum
841 1801 927 1860 esse3
949 1781 1141 1870 probabiliter
1161 1781 1240 1847 onim
1261 1798 1330 1846 con-

164 1867 249 1932 iicias
271 1865 352 1930 illum
374 1864 502 1929 dixisse:

244 1942 320 2035 'Ap’
344 1947 538 2033 ἀραχνίων
557 1945 672 2030 μεστὴν
692 1944 768 2030 ipsa
785 1949 844 2032 τὴν
863 1945 959 2032 ηαστί
977 1975 1015 2031 α,·

165 2034 262 2104 Plane
294 2035 338 2100 sic
357 2029 556 2099 Pherecrates
580 2033 613 2098 in
634 2033 814 2122 Tyranmda
844 2033 920 2124 apud
947 1973 1069 2101 daldun
1091 2033 1132 2101 T.
1153 2035 1179 2100 l.
1200 2055 1230 2125 p.
1248 2035 1327 2103 alo:

244 2116 393 2206 Ἅριλχνθ,
415 2115 516 2202 ὥσπερ
537 2127 606 2194 ταῖς
625 2127 762 2183 caucason
783 2127 850 2195 ταῖς
871 2128 984 2201 κεναῖςη
1139 2117 1158 2138 ''

165 2223 225 2354 pao
242 2224 332 2270 versu
348 2223 457 2306 ‚rumas
478 2204 569 2268 utitur
589 2201 698 2270 Suldas
718 2225 748 2270 τ.
769 2211 903 2270 σικαστσι
924 2204 966 2272 Τ.
987 2204 1042 2271 ΙΠ.
1062 2227 1096 2296 p.
1111 2205 1193 2289 392,
1213 2202 1267 2272 sed
1287 2205 1330 2272 ihi

177 2289 582 2460 egm'ddgdwdddgod’und‘ldrrdsp
610 2353 679 2450 sair
703 2381 836 2440 σαισαῖσι
856 2383 925 2449 ταῖς
945 2383 1061 2459 κεναῖςς

166 2458 1027 2630 hom..cacodaemoneltu²

163 2627 227 2694 Iam
256 2649 327 2694 vero
359 2627 444 2694 video
469 2630 502 2692 in
534 2629 657 2693 eandem
690 2630 922 2694 emendationem
955 2631 1043 2696 ctiam
1069 2629 1267 2698 Fritnschinm
1296 2631 1330 2697 in

163 2711 391 2788 Quaestionihus
411 2711 649 2802 Aristophanicis
671 2711 713 2779 T.
733 2713 758 2778 l.
780 2735 807 2802 p.
831 2715 849 2778 1
870 2715 1020 2779 incidisse.
1048 2715 1199 2798 Cratinus,
1220 2716 1276 2781 etsi
1296 2718 1329 2785 in

164 2799 220 2864 hac
241 2799 342 2864 fabula
362 2797 434 2864 illud
454 2797 636 2886 potissimum
666 2795 819 2862 consilium
847 2805 964 2863 secutm
987 2805 1050 2881 est,
1077 2807 1110 2864 ut
1131 2803 1167 2866 ah
1189 2799 1329 2866 advorsa·

163 2883 273 2949 riorum
301 2883 472 2948 criminibus
499 2903 533 2948 se
559 2880 748 2964 defenderet,
790 2903 851 2947 non
877 2890 975 2948 tamen
1003 2884 1146 2972 neglexit
1164 2885 1328 2951 institutum

164 2969 301 3054 autiquae
322 2967 500 3050 comoediae,
522 2966 575 3032 scd
596 2987 707 3054 magna
728 2969 886 3034 acerbitate
908 2989 1026 3034 errores
1047 2977 1077 3034 et
1092 2971 1166 3036 vitia
1185 2971 1218 3035 in
1239 2971 1328 3036 rohos

163 3053 288 3142 publicis
309 3060 340 3118 et
361 3051 526 3118 domesticis
545 3051 674 3116 admissa
695 3053 866 3141 castigavit:
888 3053 1060 3120 documento
1081 3063 1128 3121 est
1146 3055 1231 3138 illud,
1252 3055 1329 3142 qaod

163 3139 296 3204 servavit
315 3137 483 3204 Scholiasta
502 3136 713 3226 Aristophanis
732 3139 811 3208 Nuh.
831 3161 861 3204 v.
882 3138 959 3206 ³54:
994 3142 1057 3203 Kal
1081 3147 1135 3206 νῦν
1156 3163 1247 3228 φησι,
1275 3137 1327 3205 διὰ

162 3221 217 3288 τὸν
237 3223 411 3308 Κλεισθένη
432 3221 567 3308 ἐγίνοντο
588 3231 738 3306 γυναῖκες·
761 3214 852 3301 αὖτις
872 3227 906 3290 δὲ
927 3226 974 3289 ent
997 3227 1143 3315 κιναιδείηι
1163 3221 1327 3308 διαβάλλε-

50 3317 58 3330 “
162 3330 226 3374 ται.
271 3312 392 3373 Τσῦταν
422 3309 456 3372 δὲ
488 3304 530 3385 ὡς
559 3305 802 3392 γυναικιζόμενοι
832 3307 889 3374 οὐκ
914 3307 1137 3397 Ἀριστοφάνης
1169 3307 1327 3394 διαβάλλει

109 3385 121 3412 '
163 3392 273 3475 μόνος,
294 3391 373 3458 ἀλλὰ
394 3395 442 3458 καὶ
464 3395 620 3479 Κρατῖνος
640 3395 673 3458 ἐν
692 3395 830 3482 Πυτίνῃ,
851 3394 946 3480 λέγων
967 3391 1079 3472 οὕτως·
1100 3398 1220 3483 Ληρεῖς
1240 3389 1327 3480 ἔχων.

162 3474 259 3563 potia?
284 3477 377 3557 αὐτὸς
404 3479 436 3542 ἓν
456 3480 633 3564 ἓνιεισοδίῳ·
659 3484 775 3562 ηελρΐος
805 3480 890 3545 ἕσται
911 3480 1104 3564 Κλεισθένης
1121 3479 1267 3563 sufflare.
1295 3481 1328 3546 dv

163 3568 202 3646 τῇ
224 3567 279 3627 ταῦ
300 3560 430 3640 κάλλους
450 3561 548 3650 ἀκμῇι
592 3565 629 3630 dc
656 3585 711 3650 qao
738 3587 826 3632 versu
857 3586 931 3652 quae
957 3566 1104 3632 homines¹
1120 3568 1197 3660 docti
1242 3586 1328 3655 ropo·

164 3656 304 3732 suerunt,
330 3649 491 3714 averitate
518 3651 658 3716 recedunt
683 3651 872 3740 longissimet
899 3673 994 3738 neque
1020 3653 1139 3720 multum
1180 3589 1327 3718 rodsimus

164 3755 205 3800 ex
231 3734 285 3816 iis,
317 3755 390 3820 quae
418 3734 558 3822 leguntur
584 3735 659 3800 aud
688 3735 810 3803 Suidam
837 3737 877 3803 T.
899 3737 954 3802 lll.
976 3759 1004 3828 p.
1026 3739 1105 3804 327:
1153 3675 1252 3814 ddeoc
1277 3737 1327 3801 hcl

164 3817 495 3928 acoprdlpdagpiffllpco
518 3821 568 3882 acl
591 3757 803 3932 ἕνναικίζετρ·
833 3825 883 3928 καὶ
906 3825 1074 3908 Κρατῖνος·
1100 3823 1220 3909 Ληρεῖς
1240 3819 1327 3902 dxciv,

163 3905 679 4075 atauo..ouhth⁰lo
698 3907 932 4056 chuta
953 3901 1327 4093 tritomum

165 4073 574 4160 quandoquidemduaaddetv
586 4080 679 4138 esest
698 4097 768 4164 pars
788 4075 917 4159 lahulac,
931 4089 1005 4163 quae
1025 4083 1144 4166 praetor
1163 4077 1326 4144 institutum

165 4164 196 4222 et
214 4159 397 4259 propositum
416 4159 500 4245 quasi
520 4160 616 4226 obiter
635 4159 838 4226 intertexitur:
880 4183 1031 4254 compares
1053 4161 1130 4249 quod
1149 4161 1327 4250 mengono

166 4241 238 4308 dieo
258 4241 334 4332 apud
354 4241 539 4310 Athenaeum
559 4243 598 4311 X.
619 4265 648 4332 p.
668 4243 733 4312 4⁵9
754 4243 796 4312 C:
1319 4308 1322 4317 ,

378 4389 381 4396 .
414 4328 498 4393 Κατ’
522 4331 691 4395 ἐπεισόδιον
709 4328 892 4412 μεταβάλλω
913 4325 1092 4417 τὸνλόγον,
1122 4329 1165 4409 ὥς
1184 4329 1222 4398 ἂν

252 4417 396 4482 Komaiai
418 4415 570 4502 παρσηιίσι
597 4418 648 4482 καλ
670 4415 798 4495 πολλαῖς
817 4412 963 4502 εὐωχήσω
982 4415 1019 4486 τὸ
1038 4417 1193 4506 θέατρον..
1269 4485 1272 4494 ⁴
