3052 5060
304 379 368 446 'DE
389 373 533 454 munio.
556 371 746 443 COMOED.
767 369 874 442 ΑΤΤ.
895 371 1043 450 amolo.
1079 361 1083 368 ’
1195 375 1259 448 173

89 556 249 636 εἰσηγεῖτο,
270 545 312 626 ὡς
332 549 383 612 καλ
405 541 590 630 Σωκράτηςι
621 545 719 632 itaque
740 543 894 631 Diagoras
914 543 1033 610 videtur
1052 545 1159 612 librum
1181 569 1258 612 com·

87 638 233 730 posuisse,
254 635 287 699 in
309 654 364 720 quo
386 653 447 696 non
467 631 562 696 solum
583 631 710 720 priscam
732 630 939 716 mysteriorum
961 631 1138 718 religionem
1150 653 1258 700 vanam

89 745 154 789 esse
176 729 206 786 et
233 717 463 784 commenticiam
484 716 597 793 docuit,
625 714 788 779 sedetiam
815 713 904 778 alium
927 715 1019 780 divini
1045 717 1175 782 numinis
1197 719 1258 784 cul·

88 819 157 890 tum,
178 805 275 891 magia
296 805 375 894 pium
396 801 479 866 illum
501 801 616 887 quidem
635 806 815 881 etcertum,
838 799 1001 883 substituit,
1023 801 1101 866 unde
1121 802 1180 867 ista
1201 805 1258 868 cri·

89 893 207 960 minatio
218 901 284 956 orta
300 895 356 969 est,
378 888 462 973 quasi
483 907 576 950 novos
598 885 670 950 deos
691 885 821 950 doceret:
843 885 870 950 is
892 891 989 950 antem
1003 885 1080 952 liber
1099 887 1190 953 inseri
1212 895 1258 954 tus

89 985 134 1044 est
164 975 417 1059 ιλιισπυργλζοιτις
443 967 542 1058 λόγοι,
577 991 651 1056 quae
681 969 797 1054 quidem
825 969 978 1058 inscriptio
1004 971 1073 1057 quid
1099 909 1259 1061 signidbet,

89 1063 219 1150 ambigo:
240 1060 377 1147 vulgarls
400 1065 479 1123 certe
505 1056 586 1120 notio
607 1055 694 1119 verbi
721 1053 933 1139 όπσπυργόζειν
946 1077 1021 1120 non
1041 1057 1159 1124 videtur
1185 1061 1258 1126 satis

90 1147 264 1226 convenire,
286 1143 418 1230 equidem
441 1141 546 1230 opinor
567 1139 732 1228 Diagoram
760 1141 802 1206 ita
823 1140 1086 1232 bunc-librumlap
1108 1143 1258 1228 ellavisse,

91 1233 223 1320 quoniam
244 1231 277 1294 in
298 1250 334 1294 eo
355 1227 457 1292 divina
477 1226 598 1291 numina
620 1225 704 1310 quasi
730 1223 767 1289 de
788 1245 901 1290 summo
927 1226 1052 1313 fastigio
1092 1229 1193 1312 eiecit,
1216 1229 1259 1296 uti

91 1322 224 1400 αυργοόυ
240 1321 287 1380 est
305 1314 338 1378 in
360 1333 503 1378 summum
524 1310 678 1460 fastigium
700 1307 820 1392 efferre,
843 1310 933 1376 veluti
950 1311 1108 1402 Euripides
1130 1314 1207 1380 dixit
1225 1315 1259 1380 in

91 1402 207 1470 Bellero
227 1401 318 1464 bonte
339 1395 394 1463 Fr.
414 1395 497 1465 XVI.
520 1397 561 1462 1⁵
615 1395 769 1496 einopia,
797 1417 871 1482 quae
899 1397 977 1486 apud
1002 1398 1137 1465 homines
1163 1401 1259 1491 opini-

91 1509 174 1554 onem
196 1423 233 1552 db
255 1485 375 1550 deorum
395 1481 526 1572 potentia
548 1480 737 1546 excitaverit:

176 1570 226 1634 Τά
248 1575 321 1634 θεῖα
342 1566 494 1651 πυργοῦσ’
519 1563 552 1630 οἱ
582 1567 677 1630 κακαί
695 1589 726 1630 τε
748 1568 918 1653 συμφοραί.

91 1660 187 1744 itaque
225 1654 378 1744 inscriptio
411 1651 442 1718 id
480 1652 546 1716 fere
578 1651 812 1739 significaverit,
844 1653 921 1740 quod
952 1654 1129 1720 Lactantius
1155 1655 1260 1722 Divin.

91 1743 185 1810 Instit.
206 1741 231 1806 1.
243 1743 307 1822 2,2
329 1739 413 1803 dicit:
437 1735 521 1820 „Sed
543 1743 573 1800 et
594 1743 681 1802 antea
701 1737 902 1826 Protagoras,
924 1742 973 1826 qui
995 1741 1066 1806 deos
1087 1741 1119 1806 in
1141 1741 1260 1806 dubium

91 1827 224 1908 vocavit,
252 1841 286 1889 et
305 1837 425 1904 μσιτισ
449 1825 643 1906 Diagorae,
671 1830 730 1906 μοι·
752 1830 918 1901 exclusit,
955 1832 985 1890 et
1010 1826 1062 1890 alii
1083 1826 1184 1908 multi,
1211 1827 1261 1912 qui

91 1935 150 1980 non
171 1918 346 2000 putaverunt
359 1909 443 1974 Deos
465 1930 548 1992 esse,
570 1909 639 1994 quid
661 1908 739 1972 aliud
761 1909 935 1990 effecerunt,
956 1909 1015 1976 nisi
1036 1911 1171 1976 utnulla
1192 1932 1260 1978 esse

91 1997 275 2088 prouidentia
299 1996 497 2086 putareturt“
540 1992 581 2058 Et
602 1991 710 2058 Suidas
732 1992 773 2058 Τ.
794 1993 819 2058 l.
841 2016 869 2082 p.
891 1996 971 2076 550,
992 1996 1043 2060 ubi
1063 1995 1132 2060 libri
1153 1997 1261 2062 inscri-

91 2086 216 2174 ptionem
239 2087 395 2160 memorat,
417 2081 505 2146 etiam
527 2087 729 2167 argumentum
747 2079 823 2164 quod
844 2080 935 2145 fuerit
955 2080 1108 2170 explanat:
1123 2079 1260 2168 Ἔγραφε

36 2187 40 2199 ’
90 2168 161 2244 τοὺς
195 2166 456 2250 άποπυργόζοντας
487 2160 596 2248 λόγους
628 2163 842 2248 (ἀναχώρησιν
876 2165 973 2228 αὐτοῦ
1007 2169 1076 2251 καὶ)
1111 2163 1260 2232 ἔίιπττοσιν

91 2252 215 2337 ἔχοντας
241 2257 295 2332 τῆς
323 2253 390 2335 πιρλ
417 2248 452 2314 τό
481 2255 567 2314 θεῖον
593 2245 693 2332 δόξης.
737 2249 781 2319 At
807 2272 879 2315 vero
906 2249 1054 2316 Tatianus
1082 2251 1149 2316 adv.
1172 2251 1259 2318 Gent.

88 2362 118 2452 p.
133 2337 195 2404 tol
216 2337 287 2402 dicit
311 2336 465 2444 Φρυγίους
486 2331 594 2420 λόγους
616 2336 670 2400 bos
691 2335 785 2402 libros
806 2335 968 2425 appellatos
990 2359 1074 2402 esse:
1099 2335 1260 2421 Διαγόρας

87 2430 253 2507 Αθηναῖος
273 2413 320 2504 ἦν,
342 2419 421 2485 αλλά
442 2426 553 2486 τοῦτον
573 2417 815 2506 ἓξορχησάμενον
835 2421 875 2485 τὰ
897 2420 981 2506 ’παρὰ
1002 2432 1066 2497 τοῖς
1082 2420 1261 2504 Ἀθηναίοις

92 2506 245 2594 μυστήρια
265 2503 505 2590 τιτιμωρήιιατε·
528 2508 579 2570 καὶ
604 2517 671 2582 τοῖς
695 2507 840 2592 Φρυγίοις
865 2499 962 2572 beros
990 2504 1091 2592 λόγοις
1115 2505 1261 2592 ἐντυγχά-

91 2619 206 2670 νοντες,
239 2589 321 2675 ἡμᾶς
346 2587 542 2673 μιμισήκοιτε.
584 2589 729 2656 Fortasse
756 2591 909 2678 Diagoras
936 2592 992 2656 hos
1021 2593 1112 2656 libros
1143 2600 1262 2683 propte·

91 2703 145 2747 rea
165 2699 201 2744 eo
223 2679 341 2742 nomine
363 2677 530 2764 appellavit,
552 2676 628 2760 quod
650 2677 858 2762 mysteriorum
880 2676 956 2764 apud
977 2677 1179 2743 Athenienses
1200 2681 1262 2782 pri·

92 2763 206 2833 mordia
232 2784 271 2827 ex
299 2761 440 2860 Phrygia
470 2762 623 2850 repetebat
654 2761 758 2843 (cuius
793 2761 838 2825 rei
870 2761 1012 2825 nonnulla
1041 2765 1118 2826 vesti
1143 2763 1173 2828 ‘a
1202 2785 1262 2830 ram

92 2860 208 2916 veteres
237 2847 295 2912 sibi
315 2847 373 2910 visi
399 2853 484 2909 erant
510 2845 673 2933 reperisse)
705 2852 755 2909 aut
774 2844 900 2910 fabellas
941 2867 994 2910 uas
1021 2847 1098 2942 apud
1147 2849 1262 2936 hrygce

93 2937 247 3001 audiverat
268 2954 331 2996 cum
347 2931 512 2994 Atticorum
535 2930 629 2994 sacris
651 2931 851 3018 componebat.
877 2930 918 2994 Et
970 2933 1126 2998 emocritus
1148 2954 1261 3019 quoque

92 3011 851 3186 ttltttlllltttbtlttltt”tlt
871 3015 1042 3166 ltl’ltlr
1054 3017 1262 3169 {titt

92 3124 260 3269 Bub'vluiri
292 3123 379 3269 lebria
409 3182 612 3269 γραμμάτων,
676 3207 741 3251 uem
773 3123 880 3252 librum
905 3124 1125 3268 Bbflolmvloaic
1155 3185 1266 3275 λόγους

91 3282 180 3340 vocat
200 3271 348 3337 Eusebius
369 3271 478 3360 Praep.
499 3271 618 3360 Evang.
639 3207 724 3337 lde:
746 3267 944 3356 Δημόκριτος
963 3271 1036 3348 τοὺς
1055 3276 1265 3356 Βαβυλωνίων

92 3357 202 3444 λόγους
223 3355 354 3434 ἠθικοὺς
376 3361 561 3439 πεποιῆσθαι
591 3357 723 3440 λέγεται,
752 3357 800 3442 qui
823 3355 924 3442 quales
950 3357 1062 3424 luerint
1089 3359 1173 3426 docet
1194 3361 1280 3428 Cle·¹

92 3467 178 3512 mens
200 3443 367 3508 Alexandr.
387 3440 499 3509 Strom.
519 3441 593 3552 [γ.
615 3444 693 3511 3031
720 3438 917 3525 Δημόκριτος
937 3442 995 3529 γὰρ
1016 3443 1089 3522 roric
1113 3449 1265 3528 Βαβυλω-

91 3533 177 3604 νίους
198 3527 307 3612 λόγους
327 3529 505 3610 πεποίηται·
532 3532 648 3610 λιγεται
673 3525 732 3619 γάρ
759 3527 816 3612 τὴν
832 3526 1007 3614 Ἀιιιιιάρου
1034 3527 1148 3614 στήλην
1169 3529 1265 3616 ἑρμη-

92 3621 258 3682 νευθεῖσσιν
278 3622 342 3688 τοῖς
363 3613 451 3687 idiote
472 3611 617 3688 συντάξαι
639 3613 871 3699 συγγράμμασι,
893 3611 1000 3679 μάστιν
1013 3613 1264 3698 ἐπισημήνασθαι

92 3700 167 3786 παρ’
184 3697 290 3778 αὐτοῦ,
309 3694 393 3762 Τάιλε
410 3697 486 3780 λέγει
500 3694 708 3785 Δημόκριτος,
728 3697 909 3786 γράφοντος,
933 3721 1039 3788 exque
1053 3701 1157 3766 coniici
1169 3707 1265 3790 potest

92 3785 298 3852 Democritum
320 3784 408 3848 etiam
428 3782 510 3848 illius
531 3783 616 3866 libri,
643 3804 727 3870 quem
752 3782 887 3870 Φρόγιον
908 3782 998 3869 λόγον
1018 3788 1148 3866 vocavit,
1176 3808 1210 3850 ar
1252 3819 1265 3832 ·

92 3879 227 3938 mentum
249 3891 288 3934 ex
313 3870 379 3958 ipsa
400 3868 539 3956 Phrygia
564 3871 701 3958 petiisse3
731 3871 769 3936 cl.
791 3872 867 3956 quod
888 3871 1005 3936 Plinius
1026 3871 1058 3934 in
1079 3872 1148 3934 libri
1167 3807 1265 3936 ilfi.

92 3956 283 4048 praelatione
309 3955 345 4020 de
372 3955 505 4042 magicae
533 3955 605 4019 artis
631 3956 743 4038 studio,
770 3958 817 4021 cui
842 3956 1029 4021 Democritus
1055 3955 1171 4022 deditus
1198 3957 1266 4040 fuit,

89 4041 257 4107 'memoriae
278 4039 418 4128 prodidit:
440 4039 649 4120 „Democritus
667 4041 871 4130 Apollonicem
885 4041 1081 4131 Capride'nem
1102 4047 1132 4104 et
1149 4036 1266 4108 Darda·

93 4149 169 4192 num
196 4125 388 4190 ePboenice
413 4123 588 4208 illustrarit,
615 4125 811 4190 voluminibus
832 4127 969 4192 Dardani
996 4149 1013 4190 e
1039 4125 1174 4215 sepulcro
1200 4129 1264 4193 eius

93 4211 231 4302 petitis.“
273 4209 311 4272 ln
336 4210 509 4296 ecquidem
537 4232 639 4276 omnes
667 4212 853 4276 consentiunt
873 4212 915 4276 Di
954 4233 1039 4276 oram
1066 4233 1175 4277 arcana
1195 4213 1267 4277 reli·

95 4297 201 4384 ςίοοίυ
222 4293 431 4360 Eleusiniacae
458 4295 677 4384 divulgavisse,
708 4303 862 4386 praeterea
882 4234 1011 4385 deibica
1032 4317 1144 4383 quoquo
1170 4317 1266 4380 sacra,

11 4409 13 4416 ·
96 4403 223 4466 quorum
245 4401 310 4445 cunr
331 4379 500 4446 Eleusiniis.
523 4404 552 4452 m
575 4382 673 4462 storiis
704 4389 785 4446 arcta
804 4382 861 4446 luit
882 4381 1061 4464 coniunctio,
1089 4383 1266 4471 prodidisse,

96 4467 161 4535 vid.
183 4467 446 4555 Athenagoras'p.
467 4467 504 4532 δι
557 4464 668 4557 ιαγόρη
689 4465 823 4553 μὲνγὰρ
845 4463 970 4543 εἰκότως
987 4463 1144 4549 ἀθεότητα
1165 4465 1266 4556 ἐνικά-
1288 4553 1290 4558 Ι
