3004 5048
226 285 312 353 ἰιι
635 219 1039 351 communionum

249 455 342 541 stiget
361 451 422 516 illis
444 450 593 516 versibus:
621 469 682 514 non
706 447 933 536 tameneffugit
957 445 1137 516 aemulorum
1163 453 1322 540 poetarum
1342 473 1417 520 seue·

249 560 314 604 ram
335 537 568 623 castigationem.

334 619 411 685 Euth
453 621 557 685 hronis
578 624 675 684 autem
696 624 765 708 puto
787 639 856 683 esse
876 618 977 696 verba,
998 637 1073 704 quae
1095 617 1248 708 leguntur
1255 621 1332 712 apud
1342 620 1417 688 Pris-

250 708 366 775 σίοοοοι
386 641 500 774 xlllll.
521 704 563 770 Τ.
583 704 624 770 ll.
645 724 675 794 p.
695 700 773 769 214:

336 790 380 854 Τί
397 789 609 872 κατακροῶσαί
624 813 687 870 μου
708 811 747 852 τα
768 781 1045 869 μουσυδονῆματας

248 877 296 944 lta
316 875 394 941 enim
415 874 601 940 scribendum
621 879 690 962 puto
713 871 787 956 (nisi
807 872 885 938 forte
897 873 1329 1025 γειιοέοιιιεκατοιιροᾶσθεηὄπ
1336 873 1417 963 vulgo

249 960 360 1050 legitur
391 962 641 1044 κατακροᾶσθαι,
686 957 846 1022 Putschius
872 962 1081 1042 κατακρυῶται
1093 1005 1103 1035 ,
1148 956 1263 1024 Codex
1329 979 1417 1027 onae:

249 1045 629 1113 ΚΑΤΑΚΡΟΑΣΘΑΙ.
660 1047 869 1126 κατακροᾶσαι
896 1043 953 1106 etsi
979 1043 1015 1108 ab
1038 1041 1190 1108 deficietis
1214 1049 1263 1110 est
1283 1045 1419 1134 improba·

249 1138 327 1215 tum,
359 1137 459 1196 minen
489 1150 550 1194 non
583 1134 629 1193 est
674 1147 777 1193 uorsus
812 1126 1012 1192 reiieiendum.
1053 1126 1269 1194 Antiattieista
1293 1129 1418 1196 Bekkeri

249 1214 395 1282 Aneedot.
417 1215 458 1280 T.
469 1213 494 1280 I.
515 1235 544 1304 p.
558 1215 610 1290 77,
673 1211 863 1296 ιἈκροᾶσαι
885 1207 939 1276 σύ·
961 1209 1029 1276 ἀντὶ
1049 1216 1105 1276 τού
1127 1211 1236 1304 ἀκροᾷ
1258 1210 1279 1297 ἢ
1301 1211 1418 1290 ἀκούεις.

248 1300 314 1365 Νοο
335 1299 478 1364 dissimile
500 1304 561 1380 est,
590 1297 668 1384 quod
687 1297 796 1362 ibidem
816 1297 928 1384 legitur
947 1317 977 1385 p.
998 1297 1051 1379 98,
1071 1297 1129 1363 28:
1160 1297 1339 1385 Ἠκροᾶσο·
1361 1299 1419 1364 ἀντὶ

248 1389 305 1450 τού
325 1387 443 1469 axona·
463 1377 648 1469 Ἀντιφάνης
658 1378 844 1468 Ἐπιδαύρῳ.
866 1381 952 1446 Haec
964 1387 1061 1447 autem
1081 1403 1098 1446 ο
1139 1383 1213 1470 egle
1237 1405 1302 1449 cum
1315 1383 1417 1448 Euth-

249 1471 371 1560 phronis
391 1467 515 1556 ingenio
537 1467 729 1550 conveniunt3
752 1465 990 1551 quemadmodum
1000 1466 1088 1532 Plato
1120 1469 1249 1534 escrihit
1262 1406 1418 1555 inGratylo

248 1576 278 1646 p.
294 1554 358 1621 ³96
378 1552 424 1617 D:
446 1554 550 1617 EPM.
571 1551 713 1634 Kalpia
734 1551 782 1634 δή,
805 1543 830 1616 ὦ
851 1547 1021 1636 Σῶκρατες,
1043 1550 1179 1634 ἀτεχνῶς
1200 1553 1239 1638 γέ
1256 1579 1312 1636 μοι
1333 1555 1417 1630 δοκεῖς

250 1637 352 1750 ῶσπερ
380 1638 409 1702 οἳ
436 1637 654 1712 ἐνθουσιῶντες
681 1637 825 1722 ἐξαίφνης
852 1639 1056 1722 χρησμῳδεῖν.
1098 1637 1173 1702 ΣΩ.
1196 1641 1264 1707 Καὶ
1286 1637 1419 1720 αἰτιῶμαί

250 1749 298 1810 γε,
326 1748 351 1787 ω
367 1719 559 1808 Ἕρμίγενες,
587 1718 721 1802 μάλιστα
743 1719 840 1804 αὐτὴν
861 1720 921 1786 ἀπὸ
943 1719 1154 1808 Εὐθύφρονος
1175 1729 1235 1788 τού
1257 1727 1417 1811 Προσπαλ-

250 1809 318 1874 τίου
340 1805 606 1894 προσπεπτωκέναι
627 1831 691 1888 μοι.
706 1803 832 1870 ’Ἐοιδεν
852 1805 912 1892 γὰρ
934 1805 1034 1871 πολλοὶ
1056 1807 1141 1896 αὐτῷ
1157 1813 1257 1892 συνῆν
1277 1812 1328 1874 κοιλ
1348 1833 1416 1892 παρ-

252 1901 332 1976 εῖχον
356 1893 397 1958 τδι
418 1883 498 1958 alta·
542 1887 704 1956 κινδυνεύει
733 1883 786 1956 οὖν
812 1891 983 1957 ἐνθουσιῶν
1015 1889 1052 1957 ού
1078 1889 1178 1976 μόνον
1205 1893 1247 1959 τδι
1280 1885 1343 1960 aial
1364 1917 1417 1976 μου

251 1979 405 2060 ἐμπλῆσαι
425 1983 481 2059 τῆς
502 1977 661 2059 δαιμονίας
682 1978 811 2062 σοφίας,
839 1975 918 2041 ἀλλὰ
946 1978 996 2041 καί
1018 1981 1073 2060 τῆς
1092 1984 1203 2060 ψυχῆς
1231 1981 1414 2065 ἐπειλῆφθαι.

252 2061 302 2130 Cf.
324 2063 413 2128 etiam
433 2062 504 2128 ibid.
525 2084 554 2152 p.
576 2063 640 2128 399
654 2060 700 2127 Αε
725 2066 773 2147 Τῇ
795 2067 851 2127 τοῦ
873 2059 1082 2149 Εὐθύφρονος
1102 2065 1251 2154 ἐπιπνοίηι
1272 2059 1416 2141 πιστεύεις,

252 2143 295 2224 ῶς
315 2143 424 2224 ἐοικας.
467 2153 498 2214 et
516 2169 546 2238 p.
566 2145 631 2212 408
651 2146 699 2230 1),
725 2169 897 2234 quamquam
926 2148 1001 2214 haee
1027 2149 1213 2216 subobscura
1234 2157 1317 2216 sunt:
1346 2150 1415 2229 Περὶ

166 2265 170 2278 ·
253 2233 287 2298 δέ
307 2229 409 2296 ἄλλων
429 2229 461 2296 εἷ’
475 2256 566 2298 τινιυν
585 2227 705 2312 βούλει,
728 2225 887 2317 πρύβαλλέ
904 2256 974 2313 μοι,
996 2227 1080 2320 ύφρα
1101 2227 1208 2317 ἴδηαι,
1240 2231 1299 2300 οἷοι
1320 2233 1415 2300 Elel-

254 2341 369 2404 φρονος
390 2317 489 2380 ἵπποι.
521 2321 552 2382 et
571 2315 706 2404 inprimis
732 2338 761 2404 p.
783 2317 847 2382 409
867 2317 915 2382 D:
930 2323 932 2326 ’
945 2316 992 2380 To
1014 2324 1076 2403 πύρ
1098 2318 1226 2405 ἀπορῶ,
1254 2322 1304 2386 καὶ
1325 2321 1414 2384 κινδυ-

252 2397 328 2466 νεύει
348 2396 456 2483 ἤτοιὴ
484 2405 540 2466 τού
561 2397 770 2486 Εὐθύφρονός
789 2426 827 2482 με
853 2407 958 2482 μοῦσα
979 2403 1217 2484 ἐπιλελοιπέναι,
1246 2403 1266 2489 ἢ
1287 2402 1372 2470 rouel
1390 2428 1413 2468 τι

253 2481 447 2570 παγχάλεπον
469 2481 553 2549 εἶναι.
595 2483 793 2587 Euthyphrou
819 2486 885 2575 ipse
906 2487 975 2554 dicit
1002 2508 1035 2554 se
1057 2489 1093 2552 ah
1115 2487 1351 2556 Atheniensibus
1370 2509 1415 2578 pru

253 2570 517 2636 insanohaheriin
528 2569 664 2636 Platonis
676 2569 796 2658 daalogo
809 2571 983 2660 cognomine
995 2594 1024 2662 p.
1036 2572 1110 2638 au:
1133 2577 1201 2644 Kal
1213 2578 1291 2656 ἐμοῦ
1301 2571 1413 2660 γύρεοι,

254 2652 329 2720 ὅταν
339 2680 368 2720 τι
385 2655 462 2740 λέγω
477 2656 509 2720 ἐν
520 2659 558 2740 τῇ
575 2654 719 2746 ἐκκλησίην
730 2657 797 2741 περὶ
813 2662 874 2720 τῶν
887 2659 988 2733 θείων,
1012 2656 1169 2743 προλίγιυν
1182 2659 1289 2738 αύτούς
1305 2660 1342 2724 εδ
1352 2659 1412 2740 μίλ-

255 2745 360 2818 λοντα,
381 2745 587 2824 καταγελῶσιν
601 2735 644 2815 ῶς
655 2740 852 2822 μαινομένου.
874 2749 903 2806 el
933 2742 1122 2808 uodamnlodo
1134 2745 1226 2810 etiam
1242 2768 1271 2835 p.
1282 2745 1304 2812 4
1316 2745 1352 2810 A:
1365 2741 1412 2806 Ὃν

216 2885 220 2894 .
255 2823 373 2890 διώκων
390 2817 431 2890 αὗ
447 2827 539 2903 δοκῶ,
552 2824 730 2905 μαίνεσθαι.
760 2824 907 2892 Conleras
949 2827 1080 2891 usehium
1093 2825 1414 2918 Praeparatllvangel.

255 2909 340 2976 Xlll.
372 2908 513 2975 .651A:
537 2907 603 2974 Τὸν
612 2904 816 2995 Εὐθύφρονα,
838 2907 912 2976 ὅντα
928 2909 1026 2994 ἄνδρα
1040 2908 1175 2990 ἀλαζόνα
1196 2918 1248 2980 καὶ
1269 2908 1413 2994 κυύλεμοι.

340 2931 388 3058 lla
408 2993 495 3060 olidis
522 3015 562 3058 ex
582 2991 764 3058 Taxiarehis
790 2995 989 3084 fragmentum
1019 2997 1151 3062 semovit
1177 2997 1349 3066 Athenaeus
1367 2992 1415 3064 lv.

255 3099 285 3168 p.
307 3078 372 3144 170
430 3075 642 3166 ιἜπιφαγεΐν
662 3077 695 3144 δ’
718 3074 854 3157 Εύπολις
877 3077 1079 3228 Ταξιάρχρές·

1051 3191 1083 3228 πι
1112 3191 1132 3230 α
1151 3175 1195 3231 εἴν

343 3247 457 3330 Μηδέν
477 3243 581 3330 ἐίλλ’ἢ
603 3241 762 3332 κρύμμυον
776 3245 929 3328 βλέποντα
951 3249 1001 3313 καὶ
1022 3189 1109 3337 τρεῖςρ
1122 3248 1276 3330 αλμοίδσς.

256 3329 348 3398 Ferri
374 3331 476 3418 nequit
495 3326 654 3416 κρύμμυον
673 3330 845 3414 βλέπονταε
872 3355 940 3400 nam
960 3330 1119 3419 κρύμμυον
1138 3337 1244 3418 βλέπει
1264 3335 1364 3402 dieitur
1382 3328 1411 3392 de

257 3439 310 3500 eo,
337 3417 387 3503 qui
408 3425 455 3482 est
474 3417 557 3482 vultu
583 3417 662 3482 tristi
687 3423 718 3482 et
738 3437 859 3500 severo,
886 3425 917 3483 at
937 3420 1002 3510 quis
1028 3420 1146 3488 tandem
1166 3431 1266 3508 τρεῖς
1286 3411 1412 3498 ἁλμάδας

256 3501 379 3583 βλέπειν
399 3501 498 3568 dicere
516 3523 605 3567 ausus
626 3506 686 3584 est,
713 3501 833 3588 etquid
858 3503 976 3570 tandem
1000 3503 1075 3574 illud
1095 3507 1252 3593 ἐπιφαγεῖν
1277 3508 1333 3570 isto
1358 3500 1411 3564 Ιοοο

258 3587 317 3652 sihi
336 3585 418 3657 vulti
460 3584 629 3676 Scripserat
647 3585 787 3676 Eupolis:

320 3751 457 3837 Μηδὲν
477 3749 548 3818 ἄλλ’
570 3751 590 3837 ἢ
612 3750 770 3838 κρύμμυον
791 3753 922 3820 λέπσντα
942 3757 993 3820 καὶ
1014 3673 1265 3843 τξέύςρδιίιῑέύδας.

260 3836 359 3904 λίπειν
379 3845 426 3908 est
445 3840 582 3904 corticem
604 3839 759 3906 detrahere
811 3839 897 3905 Haec
917 3847 1013 3906 autem
1035 3843 1171 3908 ridentur
1191 3843 1228 3909 de
1246 3836 1410 3905 Phormione

261 3923 335 4006 diei,
356 3925 406 4010 qui
425 3945 514 4014 poree
536 3945 570 3988 ao
589 3923 749 4012 frugaliter
762 3924 852 3990 vitam
873 3925 1015 4014 degebatz
1037 3926 1181 4014 κρόμμυα
1202 3932 1296 3992 autem
1315 3919 1409 3988 milites

260 4009 641 4160 ll²⁰⁰=¹ss¹¹⁶3⁰9mll⁰bl¹¹le
663 4009 722 4074 vid.
745 4009 965 4159 Aristophaug}
982 4013 1016 4076 in
1036 4011 1191 4160 llvguitihus
1212 4035 1241 4080 r.
1262 4011 1337 4076 600:

305 4261 307 4267 s
347 4117 1277 4268 Πῖνιύῖιενέιιςκτῶδῶνῒιῖῗγύύγδιίςκύιέσεύδιίύρίύδαακαέιίιᾝύμμυο.

263 4261 454 4330 Phormionis
479 4267 575 4330 autem
598 4263 654 4328 hae
682 4264 714 4328 in
740 4264 841 4329 sabula
871 4272 970 4354 partes
1004 4265 1097 4332 fuisse
1126 4267 1211 4333 docet
1237 4261 1340 4330 Pollux
1374 4247 1405 4316 X.

265 4347 344 4416 102:
364 4346 422 4414 Ἐν
440 4346 499 4435 γὰρ
518 4344 703 4436 Ταξιάρχοις
722 4346 895 4427 Εὐπόλιδος
913 4355 970 4416 τού
994 4352 1176 4439 Φορμίωνος
1195 4345 1336 4422 εἰπόντος·
1470 4369 1471 4394 ³
