3004 5048
298 355 358 423 na
380 341 524 432 namo.
544 355 731 430 couuun.
754 355 860 434 auu.
880 357 1027 436 nuno.
1178 363 1243 434 asu

386 523 487 598 Ostia
504 529 655 609 μουσικῆς
675 525 840 608 ἐπίσταμαι

155 607 248 693 mii?
267 633 286 694 y
307 609 468 692 αμμᾶΐωίι
861 672 866 684 .

71 697 202 766 Prorsus
220 701 261 760 'ut
327 696 518 806 istophaneus
547 694 599 760 ille
620 689 917 778 ἀλλαποπάλης,ἱιι
936 695 1093 786 Equitibos
1114 721 1143 767 v.
1165 703 1243 768 188:

152 777 248 859 Ἀλλ’,
271 773 412 866 ἀν’γάά,
435 780 506 850 οὐδὲ
526 779 675 862 μουσικὴν
696 781 862 862 ἐπίσταμαι

155 863 249 948 Πλὴν
268 863 473 950 γραμμάτων,
495 867 545 930 καί
567 869 666 931 ταῦτα
686 865 790 945 μέντοι
810 865 891 934 snat
912 872 1024 944 κακῶς.

71 948 122 1018 Ex
143 949 245 1018 eadem
273 951 406 1017 oratione
427 951 459 1016 H
519 951 595 1016 rbcli
616 949 689 1016 illud
710 969 766 1036 quo
786 973 824 1018 ue
844 953 1044 1040 fragmentum
1064 953 1246 1042 depromtum

71 1042 135 1118 est,
173 1034 249 1122 quud
283 1037 312 1102 le
346 1043 394 1102 tur
425 1058 482 1100 au
529 1035 727 1104 Scholiastam
753 972 890 1106 sicana
914 1059 946 1128 p.
965 1039 1050 1120 3793
1078 1043 1118 1115 cf.
1145 1039 1246 1108 Bekk.

72 1120 217 1186 Anecdot
240 1119 281 1186 Τ.
319 1143 378 1210 .p.
399 1059 479 1204 loll,
502 1121 560 1190 13:
773 1160 776 1167 -

157 1206 223 1270 Καί
245 1201 334 1272 πάλλ’
360 1204 480 1287 ἔμαθον
501 1204 533 1270 ἒν
553 1212 631 1270 τοῖσι
653 1204 801 1287 κουρείοις
821 1203 880 1289 ἐγὼ

150 1285 288 1367 Ἀτάπως
308 1294 457 1370 καθίζων,
479 1288 571 1356 scoot
590 1286 762 1373 γιγνώσκειν
782 1291 891 1358 δοκῶν.

73 1373 119 1440 lta
144 1375 332 1444 scribendum
360 1376 478 1444 uidetur
523 1396 558 1440 ro
585 1375 634 1440 vul
659 1381 707 1442 ata
736 1375 865 1442 lectione
898 1376 950 1440 καλ
976 1371 1069 1442 πάλλ’
1093 1374 1190 1461 ἀγάθ’
1215 1379 1246 1444 lo

73 1468 145 1535 τοῖς.
188 1460 255 1538 Illis
281 1463 360 1528 euim
390 1461 464 1528 locis
522 1395 698 1550 yperboirs,
734 1467 767 1524 nt
797 1468 863 1526 erat
887 1460 974 1528 homo
1000 1463 1120 1528 infimae
1147 1463 1247 1544 sorus,

74 1544 218 1629 quandam
235 1546 424 1646 prudentiam
445 1553 531 1632 atque
552 1545 747 1630 eloquentiam
768 1545 828 1610 sibi
849 1554 1080 1634 comparaverat.

159 1628 290 1696 Comrtes
318 1653 388 1698 suos
409 1629 601 1720 Hyperbolus
623 1629 771 1694 dimisisse
792 1629 926 1712 videtur,
960 1639 992 1696 nt
1012 1632 1139 1718 aliquem
1159 1653 1248 1720 quae·

74 1721 175 1778 rorent
196 1720 258 1780 tcta
278 1717 368 1797 στοας
390 1715 435 1784 illi
456 1715 614 1784 redeuntes
630 1713 714 1778 hunc
733 1733 852 1780 uersum
874 1714 988 1784 dicunt:

157 1798 376 1884 Περιὴλθομεν
397 1802 447 1864 καί
469 1803 570 1885 φάλον
590 1793 853 1908 ἀμφορεαγάρων.

74 1903 158 1968 quem
179 1905 316 1966 versum,
359 1905 424 1950 cum
445 1884 521 1972 apud
542 1881 665 1949 Suidam
685 1904 715 1948 v.
731 1879 990 1970 Αμφορεαφάρος
1010 1890 1146 1973 corrupte
1166 1885 1249 1972 lege·

72 1974 168 2031 retur:
212 1966 349 2044 Εάπολις
375 1971 523 2056 Μαρικᾷ·
567 1969 634 2031 Καί
661 1965 867 2053 περιήλθομεν
898 1970 950 2034 καί
983 1969 1074 2054 φίλον
1104 1968 1249 2054 ἀμφάρία

72 2052 190 2135 φέρων,
231 2075 303 2118 vere
336 2053 502 2118 emendavit
528 2052 658 2118 Pierson
691 2053 729 2122 ad
754 2051 883 2118 Moerid.
911 2073 943 2142 p.
965 2053 1017 2120 63.
1060 2053 1111 2118 Ab
1145 2055 1251 2120 iisdem

73 2136 166 2200 dictos
216 2144 266 2202 nto
297 2137 366 2202 illos
393 2159 515 2221 versus,
556 2157 629 2222 qnos
656 2137 776 2204 fabulae
803 2139 923 2204 nomine
951 2138 1089 2226 neglecto
1119 2140 1252 2204 servavit

71 2220 183 2284 Pollux
252 2221 340 2287 ,47ε
376 2219 438 2285 Ἓν
458 2223 492 2288 ἀὲ
517 2227 580 2286 τῶν
607 2228 731 2300 κοινῶν,
757 2227 977 2306 prosecutum,
1004 2220 1023 2306 ἢ
1053 2219 1096 2299 ὥς
1115 2222 1252 2300 Εάνιολίς

73 2328 184 2389 φησιν,
216 2296 254 2370 οὗ
280 2305 319 2372 roi
338 2308 445 2388 βιβλία
473 2305 559 2372 ἀίνια.
592 2309 659 2370 Kal
681 2306 757 2372 αάτά
780 2307 833 2394 ἐφ’
857 2305 986 2373 ἑαυτοῦ·
1017 2305 1098 2374 οὕτω
1118 2308 1177 2393 γάρ
1197 2308 1252 2378 τὸν

72 2386 178 2466 τόπον,
202 2383 291 2456 uiri
311 2391 429 2472 βιβλία,
452 2392 482 2456 οἳ
499 2393 629 2458 Ἀττικοί
651 2389 828 2473 ὠνόμαζον·
849 2389 951 2474 ὥσπερ
974 2395 1024 2458 καὶ
1045 2392 1119 2469 τοὺς
1140 2391 1252 2470 ἀλλους

73 2469 187 2550 τόπους
209 2477 245 2542 ἐκ
260 2481 321 2540 τῶν
341 2476 611 2563 πιπρασκομένων,
642 2473 685 2554 ὡς
705 2479 731 2542 εί
752 2475 857 2564 φαῖεν·
883 2477 1043 2560 Ἀπῆλθον
1063 2478 1106 2555 εἷς
1132 2471 1252 2562 τοάψον

74 2561 124 2624 aul
149 2562 191 2636 εἰς
211 2559 265 2627 τὸν
286 2557 368 2629 οάνον
388 2564 439 2628 καί
460 2564 502 2638 εἷς
522 2560 682 2638 τοάλαιον,
715 2565 766 2626 καί
793 2565 836 2639 είς
855 2560 913 2639 τὰς
938 2559 1072 2649 χύτρας,
1101 2566 1152 2628 καί
1173 2565 1252 2630 κατὰ

73 2644 128 2708 τὸν
148 2643 300 2710 Εὔπολιν·

159 2733 343 2816 Περιῆλθον
364 2731 406 2805 είς
426 2727 466 2793 τά
487 2724 621 2814 σκόροδα
644 2729 694 2792 καὶ
716 2725 755 2790 τά
778 2725 932 2810 κρόμμυα,

160 2817 226 2880 Καὶ
247 2813 301 2879 σὸν
322 2812 506 2897 λιβανωτόν,
528 2817 579 2880 καί
601 2811 680 2878 eost
701 2818 763 2876 τῶν
784 2811 966 2901 ἀρωμάτων,
1043 2879 1045 2884 ,

160 2901 226 2964 Καὶ
248 2901 317 2985 περὶ
337 2898 377 2964 τά
398 2899 498 2986 γέλγη.
808 2913 812 2920 ’

76 2981 153 3050 Poto
176 3005 235 3074 ego
256 2985 429 3074 particulam
454 2985 536 3050 illam
557 3003 664 3048 vasus
685 2982 741 3048 hoc
762 2983 848 3048 modo
869 2981 1080 3052 adnectendam
1103 3005 1187 3050 esse:

161 3073 345 3154 Περιῆλθον
366 3073 409 3146 είς
428 3068 469 3134 τά
490 3063 625 3154 σκάροάα
646 3069 696 3130 καὶ
718 3065 757 3132 τά
778 3064 933 3152 κρόμμυα,

159 3157 229 3220 Καὶ
249 3153 304 3220 τὸν
324 3151 508 3236 λιβανωτόν,
531 3151 628 3216 κοάθά
649 3157 712 3216 τῶν
733 3150 915 3236 ἀρωμάτων,

160 3242 231 3304 Καὶ
253 3242 320 3324 περὶ
341 3239 381 3304 τά
401 3239 508 3324 γίλγη,
527 3230 590 3322 χοά
608 3235 648 3301 co
668 3237 766 3318 βιβλί’
791 3235 877 3302 ιάνια.
1025 3294 1026 3298 ,

77 3341 149 3406 qnae
171 3347 249 3392 unus
272 3347 311 3389 ex
336 3325 426 3390 choro
449 3325 533 3390 dicit:
561 3343 732 3408 quamquam
760 3323 848 3390 etiam
870 3322 961 3388 scribi
980 3323 1091 3410 possita
1104 3319 1254 3409 1Περιήλ-
1320 3351 1322 3357 ·

75 3411 182 3486 θομεν.
207 3409 490 3499 apudScholiaslam
507 3408 718 3495 Aristophanis
729 3407 847 3475 Banu.
860 3407 957 3490 1095,
977 3409 1026 3493 qui
1046 3409 1141 3496 primo
1162 3430 1252 3474 uersu

76 3491 180 3578 utitur,
203 3495 315 3583 legitur
336 3500 509 3580 περιῆλθεν.
538 3491 635 3560 aanor>
656 3498 718 3557 τῶν
739 3489 912 3576 ἀρωμάτων
937 3493 980 3561 ita
1000 3493 1108 3579 dictum
1129 3500 1191 3574 ost,
1220 3500 1254 3558 ut

78 3579 154 3663 apud
174 3580 408 3670 Aristophanem
428 3581 461 3646 in
482 3579 637 3664 Equitibus
658 3599 687 3648 ν.
708 3579 786 3646 255:

460 3667 526 3732 uer
547 3662 606 3750 γάρ
629 3659 691 3731 οἶδε
716 3663 772 3739 τάς
794 3658 896 3746 ὅάοάς,

154 3745 269 3834 ‘licum
291 3743 453 3832 Εάκράτηι
472 3745 596 3835 iturum
617 3747 695 3819 εὐθὺ
715 3753 778 3815 τῶν
798 3747 963 3834 κυρηβίων.

77 3819 136 3908 xuni
157 3835 196 3900 τὰ
218 3833 316 3916 βιβλί’
341 3833 433 3912 ἀπα,
460 3843 493 3898 ut
511 3835 621 3902 ibidem
641 3853 670 3902 u.
693 3831 792 3904 1248:
859 3849 868 3869 ·

159 3917 236 3986 Ἐπί
256 3929 325 3996 ταῖς
345 3915 501 3997 πύλαισιν,
524 3909 563 3986 οὗ
582 3917 617 3982 τὸ
639 3915 764 4003 τάριχος
785 3915 884 3986 άνιον.

81 3994 165 4069 Quod
187 4005 214 4070 si
236 4007 404 4072 coniectura
425 4011 540 4070 tentare
562 4003 653 4086 velis,
675 4025 828 4090 quemnam
849 4001 894 4072 illi
915 4004 995 4072 unu
1016 3995 1113 4064 studio
1135 3999 1251 4085 quaesi·

81 4085 195 4172 verint,
222 4091 325 4154 Nicias
348 4091 464 4156 videtur
490 4088 702 4178 intelligendus
723 4109 806 4154 esse:
837 4108 907 4154 nam
926 4091 959 4153 ut
981 4082 1197 4173 Aristophanes
1218 4085 1253 4151 in

80 4161 236 4261 Equitibus
265 4173 372 4242 Cleoni
401 4177 490 4241 finxit
514 4174 717 4240 adversarium
742 4194 810 4243 esse
838 4165 1077 4252 ἀλλαντοπώλην
1097 4167 1252 4256 quendam,

81 4256 122 4315 lta
143 4253 268 4348 Eupolis
280 4258 455 4348 Hyperbolo
476 4261 593 4328 videtur
611 4259 727 4326 Niciam
749 4257 936 4348 opposuisse:
959 4260 1044 4356 atque
1064 4255 1252 4321 neumaiam

82 4339 143 4404 tum
162 4342 241 4408 inter
252 4343 456 4432 Hyperbolum
478 4354 564 4432 atque
580 4345 696 4412 Niciam
717 4343 833 4410 uidetur
853 4346 1030 4411 concertatio
1050 4339 1155 4422 fuisso,
1177 4359 1252 4426 quae

81 4431 184 4503 postea
205 4430 301 4516 magle
328 4429 480 4516 magisque
502 4439 586 4497 aucta
607 4437 668 4512 est,
694 4435 727 4494 ut
747 4425 938 4518 Hyperbolus
959 4432 1116 4494 conaretur
1134 4424 1250 4503 Nician

975 4530 1044 4594 ,,.
