3096 5062
346 365 405 433 DE
426 365 569 442 honlo.
593 363 780 434 COMOED.
800 363 906 431 ATT.
927 363 1073 442 ANTIQ.
1225 369 1290 438 231

116 535 186 627 φάλ
221 563 252 604 τε
264 537 322 604 νία
338 539 389 603 καλ
401 534 570 622 Δηλάνειρα
582 535 632 598 καλ
649 527 826 618 πάλινἭρα
839 529 1112 643 προσαγορεύεται·
1132 536 1289 625 Κρατῖνος

115 624 150 688 δ’
188 649 331 709 αντικρυς
362 621 522 704 παλλακὴν
554 617 650 702 αὐτὴν
682 618 799 700 εἴρηκεν
825 619 858 683 ἓν
893 643 1021 695 ταντοις.
1058 619 1160 706 Ἥραν
1191 622 1227 690 τί
1257 624 1287 688 oi

109 706 301 775 Ἀσπασίαν
327 709 420 774 τίκτει
446 709 496 773 καλ
529 700 787 804 καταπυγοσύνην
809 703 968 804 παλλακὴν
999 702 1170 805 κονιόπιδστ
1203 729 1288 809 ⁸gome

110 799 242 896 prop'tep
260 815 448 895 numerorum
469 798 500 856 et
519 797 688 939 argumpintu
696 788 1286 944 pppilpttpplppepptprppiphipgppinggnuppptp

108 878 363 1114 §raillciirdriidlls
381 885 630 1112 hiillitelssle'nl
645 895 700 1024 hdi
726 960 1170 1110 ipsos13vpusps,lptharbitrpr‚
1196 963 1285 1072 etiam

109 1047 549 1218 aeollllllllhiiellhladhlllhyhdaiv
561 1066 801 1212 illddildldlh'hdiv,
824 1124 866 1205 ὡς
879 1047 1286 1218 illcgldpdlllinssmilgddllcdl

108 1218 146 1285 ἓν
177 1215 312 1306 διαλόγῳ
334 1220 458 1307 Καλλίην
484 1218 535 1282 καλ
560 1211 696 1280 Πλάτων
723 1211 836 1295 ὁμοίως
857 1216 1041 1296 Πιδιηταῖςς
1069 1219 1225 1301 Κρατῖνος
1252 1219 1286 1283 δὲ
1389 1233 1394 1245 ·

15 1321 19 1330 “
103 1303 262 1391 Ὀμφάλη
287 1301 437 1386 τύραννον
468 1300 565 1384 αὐτὴν
593 1305 682 1363 καλεῖ
703 1300 841 1383 Χείρων·
875 1297 1010 1376 Εύπαλις
1038 1303 1158 1378 Φίλοις·
1192 1304 1226 1370 ἐν
1251 1303 1285 1368 δὲ

106 1389 349 1475 Προσπαλτίοις
363 1385 487 1468 Ἑλένην
509 1384 605 1468 αὐτὴν
625 1390 724 1450 καλεῖ·
746 1382 762 1448 ὁ
785 1385 819 1450 δὲ
829 1385 985 1470 Κρατῖνος
1006 1387 1057 1450 καλ
1072 1383 1189 1472 Ἥραν,
1210 1387 1285 1466 ίσαις

107 1469 161 1540 δτι
188 1476 241 1538 καλ
261 1477 416 1558 Περικλύς
434 1467 603 1553 Ὀλύμπιος
631 1469 882 1555 προσηγορεύετο.
926 1470 1004 1536 Sunt
1030 1492 1103 1536 sane
1133 1473 1207 1538 haec
1233 1475 1285 1540 ad·

105 1559 233 1626 modum
254 1558 422 1648 depravata.
464 1556 506 1620 Et
545 1557 648 1620 nimum
671 1555 786 1640 quidem
808 1553 884 1640 quod
905 1557 1113 1642 grammaticus
1140 1557 1193 1624 ille
1214 1558 1285 1626 dicit

104 1643 294 1710 Aeschinem
316 1643 349 1707 in
370 1643 490 1730 dialogo
532 1641 602 1706 allia
623 1640 660 1704 do
676 1640 818 1728 Aspasia,
838 1646 974 1724 tanquam
990 1639 1118 1706 Periclis
1140 1643 1300 1730 magistra
1405 1683 1408 1690 ·

105 1727 241 1794 locutum
263 1749 348 1809 esse,
374 1749 434 1791 non
463 1727 568 1806 credo,
596 1746 767 1810 quamquam
789 1725 844 1788 hoc
864 1725 983 1790 nomine
1009 1725 1101 1791 edidit
1121 1727 1282 1815 dialogum,

104 1813 169 1878 vid.
192 1811 305 1878 Athen.
326 1811 364 1880 V.
406 1815 514 1876 .220:
545 1807 584 1875 ‘O
606 1810 640 1873 δὲ
661 1812 802 1884 Καλλίας
829 1805 925 1872 αὐτοῦ
949 1810 1127 1893 (Αἰσχίνου)
1156 1814 1281 1896 περιέχει

104 1897 165 1982 τὴν
195 1889 253 1962 τοῦ
282 1835 421 1960 Καλλίδα
449 1895 526 1979 πρὸς
552 1893 606 1958 τὸν
634 1894 752 1977 πατέρα
779 1891 935 1978 διαφοράν
960 1897 1011 1957 καλ
1039 1894 1096 1976 τὴν
1121 1898 1282 1977 Προδίκου

104 1985 160 2048 καλ
185 1977 407 2065 Ἀναξαγόρου
434 1987 496 2044 τῶν
522 1984 680 2064 σοφιστῶν
710 1975 910 2060 διαμώκησιν.
953 1989 983 2043 et
1010 2000 1084 2064 quae
1111 1981 1217 2048 deinde
1245 1983 1282 2048 de

104 2077 293 2239 ilillili
310 2066 398 2236 tlt
418 2063 1205 2218 llllhlltlhdhtlth'{llttft‘ttt
1216 2067 1282 2218 ll

103 2257 160 2303 sus
182 2201 337 2326 opinor’o.
357 2237 393 2302 ⁵:
414 2235 531 2300 videtur
551 2235 630 2299 enim
646 2234 813 2298 Aeschines
835 2255 1001 2300 sermonem
1022 2233 1169 2302 aCulliae
1190 2238 1281 2304 maio·

101 2323 190 2388 uibus
211 2341 340 2386 exorsus
358 2341 442 2400 ουτος
465 2319 517 2385 sed
530 2319 678 2408 Aspasiae
700 2319 798 2383 nullus
818 2320 860 2384 ihi
883 2319 998 2384 videtur
1017 2319 1099 2386 locus
1122 2343 1280 2390 concessus
1346 2361 1350 2370 ·

100 2407 211 2474 fnisse.
236 2405 395 2470 Eiusvero
416 2405 472 2488 rei,
493 2427 578 2491 quam
593 2405 729 2470 Platonis
741 2403 909 2470 Scholiasta
929 2414 1081 2488 memorat,
1103 2408 1279 2476 mentionem

98 2494 174 2560 fecit
195 2489 389 2572 Aeschines,
411 2497 445 2554 ut
464 2495 693 2556 consentaneum
715 2497 776 2571 est,
797 2491 829 2554 in
851 2490 999 2579 Aspasia:
1021 2511 1105 2598 quem
1128 2491 1277 2582 dialogum

97 2583 316 2643 commemorat
334 2575 509 2640 Athenaeus
529 2575 651 2640 ibidem:
670 2573 720 2638 Ἐν
741 2576 776 2639 δὲ
795 2579 833 2660 τῇ
851 2573 1015 2664 Ἀσπασίᾳ
1038 2572 1203 2642 Ιππόνικον
1222 2579 1279 2658 μὲν

96 2663 152 2728 τὸν
164 2662 313 2727 Καλλίου
335 2656 484 2740 κοάλεμον
499 2656 732 2745 προσαγορεύει·
753 2658 810 2735 τὰς
825 2657 856 2722 δ’
875 2660 909 2724 ἐκ
930 2665 985 2741 τῆς
998 2662 1112 2736 Ἰωνίας
1132 2671 1277 2744 γυναῖκας

100 2745 285 2832 συλλήβδην
304 2741 456 2827 μοιχάδας
476 2745 527 2807 καὶ
548 2743 724 2830 κερδαλίας.
754 2743 891 2808 Eundem
913 2743 990 2832 dialo
1015 2767 1062 2810 um
1084 2745 1154 2810 dicit
1172 2746 1277 2812 Philu-

103 2839 216 2899 emtus
244 2854 275 2922 p.
296 2832 361 2898 920
389 2829 436 2896 ed.
458 2829 562 2894 Olear:
596 2829 661 2894 Καὶ
686 2829 837 2911 Αἰσχίνης
863 2829 913 2904 δί,
946 2825 969 2892 ὃ·
992 2767 1053 2894 dud
1081 2827 1275 2916 Σωκράτους,

101 2913 179 3003 dudo
202 2907 242 2982 od
265 2913 371 2998 πρώην
391 2911 588 2994 ἐσπούδαζες,
617 2911 659 2992 ὡς
680 2913 737 2978 ούκ
759 2914 886 2998 ἀφανῶς
908 2913 979 2990 τοὺς
1001 2913 1161 2998 διαλόγους
1182 2916 1275 2982 κολά-

102 3005 222 3080 ζοντας,
259 2999 316 3065 ούκ
348 2997 434 3064 ὤκνει
465 2995 632 3084 γοργιάζειν
657 3000 690 3064 ἐν
717 3004 762 3085 τῷ
788 3001 856 3084 περὶ
883 3005 938 3082 τῆς
967 3000 1145 3085 Θαργηλίας
1176 2999 1273 3090 λόγῳ·

100 3091 178 3173 φησὶ
200 3084 262 3173 γάρ
285 3110 346 3150 που
367 3075 440 3150 ὦδε·
474 3085 635 3169 Θαργηλία
662 3086 800 3150 ἐλθοῦσα
822 3088 864 3161 είς
888 3086 1056 3150 Θετταλίαν
1084 3089 1174 3168 ξυνῆν
1191 3085 1274 3152 Ἀν-

98 3170 193 3261 τιόχῳ
219 3168 368 3257 Θεττάληι
389 3167 581 3251 βασιλεύοντι
603 3165 724 3235 πάντων
744 3176 807 3235 τῶν
830 3171 1002 3236 Θετταλῶν.
1041 3171 1083 3236 Et
1104 3171 1273 3260 Harpocra-

99 3258 140 3324 tio
161 3281 190 3348 p.
213 3257 276 3324 37:
294 3255 460 3320 Ἀσπασία·
480 3256 606 3332 Λυσίας
628 3258 660 3320 ίν
680 3262 724 3344 τῷ
747 3255 825 3340 πρὸς
835 3258 987 3338 Αἰσχίνην
1007 3256 1061 3322 τὸν
1075 3258 1273 3342 Σωκρατικὸν

99 3339 316 3428 διαλεγόμενος
343 3341 577 3428 ίπιγραφομίνῳ
598 3340 766 3430 Ἀσπασίᾳ·
793 3339 1017 3424 Ιμνημονεύουσι
1046 3340 1078 3406 δ’
1103 3342 1199 3426 αὐτῆς
1220 3348 1271 3410 καλ

97 3425 248 3504 πολλάκις
271 3427 299 3492 οἱ
321 3423 408 3490 ἄλλοι
426 3428 627 3510 Σωκρατικοί.
653 3425 698 3492 At
718 3427 793 3491 haec
813 3447 926 3512 quoque
948 3428 1081 3514 graviter
1101 3429 1272 3518 depravata,

97 3521 178 3579 recte
199 3513 278 3580 Men
322 3513 367 3576 ‘us
388 3511 524 3600 sciipsit:
545 3513 673 3588 Λυσίας
694 3513 726 3577 ἐν
746 3517 790 3599 τῷ
812 3511 889 3597 πρὸς
908 3513 1005 3594 Αλσχ.
1027 3537 1054 3578 τ.
1081 3515 1119 3578 Σ.
1142 3518 1271 3580 καλΑὶ-

98 3601 236 3680 σχίνης
261 3594 277 3661 d
326 3595 537 3680 ωκρατικδς
558 3599 596 3662 ἰν
612 3603 661 3698 cpi
683 3593 847 3684 διαλόγῳ
870 3597 1207 3686 {ammonentes
1230 3622 1270 3666 ex

7 3667 9 3692 ¹
98 3683 201 3749 eodem
223 3682 345 3770 dialogo
368 3684 457 3772 petita
478 3689 557 3764 sunt,
578 3691 611 3747 ut
625 3683 752 3764 videtur,
773 3681 890 3769 quaell
944 3684 1055 3750 occatio
1073 3682 1152 3750 doA
1221 3684 1269 3750 iao

97 3789 162 3834 oum
192 3767 313 3858 Lyside
346 3767 556 3832 consuetudine
586 3767 689 3833 affert:
722 3769 779 3832 huc
807 3767 882 3834 adde
936 3769 1060 3834 lutarch.
1086 3769 1138 3833 vit.
1187 3769 1268 3835 eniel.

97 3873 123 3915 o.
147 3851 205 3934 243
235 3852 274 3918 ad
301 3852 424 3918 eundem
452 3851 602 3939 dialogum
631 3853 731 3918 resero
758 3852 834 3938 quod
862 3859 908 3918 est
933 3853 1010 3944 apud
1036 3853 1188 3919 Plutarch.
1215 3855 1266 3921 vit.

96 3935 209 4003 Pericl.
231 3961 257 4004 c.
278 3937 335 4003 3²:
365 3935 549 4002 Ἀσπασίαν
573 3937 629 4019 μὲν
656 3930 711 4002 οὖν
736 3935 919 4023 ἐξῃτήσατο,
952 3937 1052 4003 πολλὰ
1078 3935 1158 4002 πάνυ
1180 3939 1267 4024 παρὰ

97 4018 153 4103 τὴν
181 4023 286 4106 δίκην,
319 4019 361 4099 ὡς
388 4025 540 4106 Αἰσχίνης
567 4024 676 4108 φησίν,
720 4022 808 4108 άφελς
834 4018 911 4108 dudo
939 4023 1036 4106 αὐτῆς
1063 4023 1183 4109 δάκρυα
1214 4027 1265 4089 καλ

97 4105 220 4188 δεηθεὶς
246 4113 309 4172 τῶν
335 4109 496 4172 δικαστῶν.
538 4106 665 4176 Videtur
692 4116 787 4172 autem
810 4106 976 4174 Aeschines
1002 4107 1154 4174 Socratem
1180 4109 1266 4178 indu-

97 4190 192 4274 xisse,
214 4193 265 4276 qui
285 4191 432 4281 Aspasiae
452 4194 606 4281 ingenium
628 4199 658 4258 et
679 4213 775 4258 mores
797 4201 930 4260 accurate
952 4194 1146 4277 desmiheret,
1167 4195 1266 4282 ltaque

96 4272 154 4338 huc
174 4277 358 4366 potissimum
379 4299 497 4361 revoco,
519 4279 595 4366 quod
616 4285 662 4344 est
683 4279 759 4368 opud
777 4277 952 4346 Ciceronem
973 4279 1010 4346 de
1030 4279 1142 4346 invent.
1163 4281 1188 4347 l.
1206 4282 1263 4348 31:
1343 4327 1344 4332 κ

105 4359 199 4426 Vetat
222 4367 321 4440 ἀμαιί
337 4367 542 4430 Socraticum
562 4364 759 4430 Aeschinen
786 4370 983 4430 διανοητικαί
1008 4369 1164 4430 Socrates
1191 4389 1270 4448 οιικει

9 4461 10 4468 “
99 4445 328 4526 Xenophontio
349 4471 460 4514 υπονε
487 4462 521 4514 ετ
545 4471 617 4516 cun
645 4459 720 4530 ι’,οισ
738 4449 953 4529 Xenophonte
969 4453 1151 4532 Amadum
1174 4458 1268 4525 locus,
