<?xml version="1.0" encoding="UTF-8"?>
<!DOCTYPE html PUBLIC "-//W3C//DTD XHTML 1.0 Transitional//EN"
    "http://www.w3.org/TR/xhtml1/DTD/xhtml1-transitional.dtd">
<html xmlns="http://www.w3.org/1999/xhtml" xml:lang="en" lang="en">
 <head>
  <title>
</title>
<meta http-equiv="Content-Type" content="text/html;charset=utf-8" />
  <meta name='ocr-system' content='tesseract 3.04.00' />
  <meta name='ocr-capabilities' content='ocr_page ocr_carea ocr_par ocr_line ocrx_word'/>
</head>
<body>
  <div class='ocr_page' id='page_1' title='image "./commentationumd00kggoog_0243.png"; bbox 0 0 3096 5062; ppageno 0'>
   <div class='ocr_carea' id='block_1_1' title="bbox 277 350 1062 424">
    <p class='ocr_par' dir='ltr' id='par_1_1' title="bbox 277 350 1062 424">
     <span class='ocr_line' id='line_1_1' title="bbox 277 350 1062 424; baseline 0.005 -4"><span class='ocrx_word' id='word_1_1' title='bbox 277 350 343 420; x_wconf 77' lang='lat'><strong><em>2⁰8</em></strong></span> <span class='ocrx_word' id='word_1_2' title='bbox 655 351 1062 424; x_wconf 74' lang='lat' dir='ltr'>COMMENTATIONES</span> 
     </span>
    </p>
   </div>
   <div class='ocr_carea' id='block_1_2' title="bbox 216 513 1530 3322">
    <p class='ocr_par' dir='ltr' id='par_1_2' title="bbox 358 513 1067 608">
     <span class='ocr_line' id='line_1_2' title="bbox 358 513 1067 608; baseline 0 -22"><span class='ocrx_word' id='word_1_3' title='bbox 358 515 515 602; x_wconf 87' lang='grc' dir='ltr'><strong><em>Ἀμυνίας</em></strong></span> <span class='ocrx_word' id='word_1_4' title='bbox 532 517 591 598; x_wconf 73' lang='grc' dir='ltr'><strong><em>μέν</em></strong></span> <span class='ocrx_word' id='word_1_5' title='bbox 609 513 628 583; x_wconf 81' lang='grc' dir='ltr'><strong>ὅ</strong></span> <span class='ocrx_word' id='word_1_6' title='bbox 647 521 687 582; x_wconf 86' lang='grc' dir='ltr'><em>Π</em></span> <span class='ocrx_word' id='word_1_7' title='bbox 705 515 837 596; x_wconf 81' lang='grc' dir='ltr'><strong><em>σκότους</em></strong></span> <span class='ocrx_word' id='word_1_8' title='bbox 858 517 936 608; x_wconf 84' lang='grc' dir='ltr'><strong><em>φησ’</em></strong></span> <span class='ocrx_word' id='word_1_9' title='bbox 960 517 1067 588; x_wconf 80' lang='grc' dir='ltr'><strong><em>ούτοσὶ</em></strong></span> 
     </span>
    </p>

    <p class='ocr_par' dir='ltr' id='par_1_3' title="bbox 361 544 1082 690">
     <span class='ocr_line' id='line_1_3' title="bbox 361 544 1082 690; baseline 0.006 -22"><span class='ocrx_word' id='word_1_10' title='bbox 361 601 450 670; x_wconf 74' lang='lat' dir='ltr'>Eleus</span> <span class='ocrx_word' id='word_1_11' title='bbox 471 599 640 689; x_wconf 76' lang='grc' dir='ltr'><strong><em>φιλόκυβον</em></strong></span> <span class='ocrx_word' id='word_1_12' title='bbox 659 544 768 669; x_wconf 72' lang='lat' dir='ltr'>uleus·</span> <span class='ocrx_word' id='word_1_13' title='bbox 790 603 862 670; x_wconf 78' lang='grc' dir='ltr'><strong><em>ἀλλ’</em></strong></span> <span class='ocrx_word' id='word_1_14' title='bbox 885 603 975 671; x_wconf 81' lang='grc' dir='ltr'><strong><em>ούδέν</em></strong></span> <span class='ocrx_word' id='word_1_15' title='bbox 992 605 1082 690; x_wconf 85' lang='grc' dir='ltr'><strong><em>λέγει.</em></strong></span> 
     </span>
    </p>

    <p class='ocr_par' dir='ltr' id='par_1_4' title="bbox 276 686 1405 922">
     <span class='ocr_line' id='line_1_4' title="bbox 361 686 1289 775; baseline 0.008 -23"><span class='ocrx_word' id='word_1_16' title='bbox 361 689 431 754; x_wconf 79' lang='grc' dir='ltr'><strong><em>ΣΩ.</em></strong></span> <span class='ocrx_word' id='word_1_17' title='bbox 453 687 514 754; x_wconf 80' lang='grc' dir='ltr'><strong><em>Μὰ</em></strong></span> <span class='ocrx_word' id='word_1_18' title='bbox 535 686 599 765; x_wconf 84' lang='grc' dir='ltr'><strong><em>Δί,</em></strong></span> <span class='ocrx_word' id='word_1_19' title='bbox 619 687 685 752; x_wconf 77' lang='grc' dir='ltr'><strong><em>ἀλλ’</em></strong></span> <span class='ocrx_word' id='word_1_20' title='bbox 708 687 762 775; x_wconf 76' lang='grc' dir='ltr'><strong><em>ἀφ’</em></strong></span> <span class='ocrx_word' id='word_1_21' title='bbox 785 686 882 756; x_wconf 83' lang='grc' dir='ltr'><strong><em>αύτού</em></strong></span> <span class='ocrx_word' id='word_1_22' title='bbox 902 689 959 774; x_wconf 81' lang='grc' dir='ltr'><strong><em>τὴν</em></strong></span> <span class='ocrx_word' id='word_1_23' title='bbox 977 687 1068 756; x_wconf 87' lang='grc' dir='ltr'><strong><em>νόσον</em></strong></span> <span class='ocrx_word' id='word_1_24' title='bbox 1087 692 1289 775; x_wconf 67' lang='grc' dir='ltr'><strong><em>τεκμαίρεται.</em></strong></span> 
     </span>
     <span class='ocr_line' id='line_1_5' title="bbox 276 770 1405 922; baseline 0.004 -82"><span class='ocrx_word' id='word_1_25' title='bbox 276 795 344 840; x_wconf 89' lang='lat' dir='ltr'><strong><em>eum</em></strong></span> <span class='ocrx_word' id='word_1_26' title='bbox 364 782 461 839; x_wconf 85' lang='lat' dir='ltr'>autem</span> <span class='ocrx_word' id='word_1_27' title='bbox 482 770 641 922; x_wconf 72' lang='lat' dir='ltr'>Ampelum</span> <span class='ocrx_word' id='word_1_28' title='bbox 662 783 764 863; x_wconf 89' lang='lat' dir='ltr'>aperte</span> <span class='ocrx_word' id='word_1_29' title='bbox 784 775 937 841; x_wconf 87' lang='lat' dir='ltr'>mulierem</span> <span class='ocrx_word' id='word_1_30' title='bbox 957 775 1033 842; x_wconf 83' lang='lat' dir='ltr'><strong>dixit</strong></span> <span class='ocrx_word' id='word_1_31' title='bbox 1052 777 1086 842; x_wconf 88' lang='lat' dir='ltr'><strong><em>in</em></strong></span> <span class='ocrx_word' id='word_1_32' title='bbox 1103 777 1256 860; x_wconf 82' lang='lat' dir='ltr'>Nubibus,</span> <span class='ocrx_word' id='word_1_33' title='bbox 1276 799 1305 846; x_wconf 87' lang='lat' dir='ltr'><strong><em>v.</em></strong></span> <span class='ocrx_word' id='word_1_34' title='bbox 1326 779 1405 848; x_wconf 78' lang='lat'><strong>681:</strong></span> 
     </span>
    </p>

    <p class='ocr_par' dir='ltr' id='par_1_5' title="bbox 362 854 1235 945">
     <span class='ocr_line' id='line_1_6' title="bbox 362 854 1235 945; baseline 0.005 -23"><span class='ocrx_word' id='word_1_35' title='bbox 362 859 433 924; x_wconf 79' lang='grc' dir='ltr'><strong><em>ΣΩ.</em></strong></span> <span class='ocrx_word' id='word_1_36' title='bbox 447 854 515 922; x_wconf 81' lang='grc' dir='ltr'><strong><em>Ἔτι</em></strong></span> <span class='ocrx_word' id='word_1_37' title='bbox 555 858 573 922; x_wconf 88' lang='grc' dir='ltr'><strong><em>έ</em></strong></span> <span class='ocrx_word' id='word_1_38' title='bbox 590 882 623 942; x_wconf 88' lang='grc' dir='ltr'><strong><em>γε</em></strong></span> <span class='ocrx_word' id='word_1_39' title='bbox 643 861 711 945; x_wconf 80' lang='grc' dir='ltr'><strong><em>ιιερλ</em></strong></span> <span class='ocrx_word' id='word_1_40' title='bbox 731 864 794 926; x_wconf 77' lang='grc' dir='ltr'><strong><em>τῶν</em></strong></span> <span class='ocrx_word' id='word_1_41' title='bbox 814 857 973 942; x_wconf 78' lang='grc' dir='ltr'><strong><em>ὀνομάτων</em></strong></span> <span class='ocrx_word' id='word_1_42' title='bbox 992 866 1107 942; x_wconf 78' lang='grc' dir='ltr'><strong><em>μαθεῖν</em></strong></span> <span class='ocrx_word' id='word_1_43' title='bbox 1127 885 1161 926; x_wconf 93' lang='grc' dir='ltr'><strong><em>σε</em></strong></span> <span class='ocrx_word' id='word_1_44' title='bbox 1182 865 1235 940; x_wconf 79' lang='grc' dir='ltr'><strong><em>δεῖ,</em></strong></span> 
     </span>
    </p>

    <p class='ocr_par' dir='ltr' id='par_1_6' title="bbox 354 939 1099 1029">
     <span class='ocr_line' id='line_1_7' title="bbox 354 939 1099 1029; baseline 0.003 -20"><span class='ocrx_word' id='word_1_45' title='bbox 354 941 441 1009; x_wconf 65' lang='grc' dir='ltr'><strong><em>Ἀπ’</em></strong></span> <span class='ocrx_word' id='word_1_46' title='bbox 464 939 569 1028; x_wconf 77' lang='grc' dir='ltr'><strong><em>ἄρρεν’</em></strong></span> <span class='ocrx_word' id='word_1_47' title='bbox 593 943 689 1020; x_wconf 70' lang='grc' dir='ltr'><strong><em>ἐστίν,</em></strong></span> <span class='ocrx_word' id='word_1_48' title='bbox 711 940 789 1008; x_wconf 83' lang='grc' dir='ltr'><strong><em>ἅττα</em></strong></span> <span class='ocrx_word' id='word_1_49' title='bbox 810 943 841 1008; x_wconf 81' lang='grc' dir='ltr'><strong><em>δ’</em></strong></span> <span class='ocrx_word' id='word_1_50' title='bbox 859 943 969 1026; x_wconf 45' lang='grc' dir='ltr'><strong><em>,αὐτῶν</em></strong></span> <span class='ocrx_word' id='word_1_51' title='bbox 988 945 1099 1029; x_wconf 79' lang='grc' dir='ltr'><strong><em>θήλεα.</em></strong></span> 
     </span>
    </p>

    <p class='ocr_par' dir='ltr' id='par_1_7' title="bbox 359 1023 1323 1115">
     <span class='ocr_line' id='line_1_8' title="bbox 359 1023 1323 1115; baseline 0.005 -22"><span class='ocrx_word' id='word_1_52' title='bbox 359 1029 457 1094; x_wconf 69' lang='lat' dir='ltr'><strong><em>m.</em></strong></span> <span class='ocrx_word' id='word_1_53' title='bbox 476 1025 561 1093; x_wconf 77' lang='grc' dir='ltr'><strong><em>Ἀλλ’</em></strong></span> <span class='ocrx_word' id='word_1_54' title='bbox 585 1023 645 1092; x_wconf 74' lang='grc' dir='ltr'><strong><em>οίδ&gt;</em></strong></span> <span class='ocrx_word' id='word_1_55' title='bbox 668 1025 776 1112; x_wconf 66' lang='grc' dir='ltr'><strong><em>ἔγωγ’,</em></strong></span> <span class='ocrx_word' id='word_1_56' title='bbox 797 1025 819 1094; x_wconf 76' lang='grc' dir='ltr'><em>ἃ</em></span> <span class='ocrx_word' id='word_1_57' title='bbox 839 1025 930 1111; x_wconf 74' lang='grc' dir='ltr'><strong><em>θήλε’</em></strong></span> <span class='ocrx_word' id='word_1_58' title='bbox 953 1030 1044 1096; x_wconf 70' lang='grc' dir='ltr'><strong><em>ἐστίν.</em></strong></span> <span class='ocrx_word' id='word_1_59' title='bbox 1085 1029 1156 1096; x_wconf 83' lang='grc' dir='ltr'><strong><em>ΣΩ.</em></strong></span> <span class='ocrx_word' id='word_1_60' title='bbox 1177 1029 1254 1096; x_wconf 72' lang='lat' dir='ltr'>litut</span> <span class='ocrx_word' id='word_1_61' title='bbox 1274 1027 1323 1115; x_wconf 76' lang='grc' dir='ltr'><strong><em>δή.</em></strong></span> 
     </span>
    </p>

    <p class='ocr_par' dir='ltr' id='par_1_8' title="bbox 360 1111 1284 1200">
     <span class='ocr_line' id='line_1_9' title="bbox 360 1111 1284 1200; baseline -0.005 -22"><span class='ocrx_word' id='word_1_62' title='bbox 360 1115 452 1178; x_wconf 77' lang='grc' dir='ltr'><strong><em>ΣΊῬ.</em></strong></span> <span class='ocrx_word' id='word_1_63' title='bbox 477 1111 641 1188; x_wconf 92' lang='grc' dir='ltr'><strong><em>Λύσιλλα,</em></strong></span> <span class='ocrx_word' id='word_1_64' title='bbox 665 1115 809 1195; x_wconf 77' lang='grc' dir='ltr'><strong><em>Φίλιννα,</em></strong></span> <span class='ocrx_word' id='word_1_65' title='bbox 830 1112 1039 1200; x_wconf 79' lang='grc' dir='ltr'><strong><em>Κλειταγόρα,</em></strong></span> <span class='ocrx_word' id='word_1_66' title='bbox 1059 1116 1209 1200; x_wconf 88' lang='grc' dir='ltr'><strong><em>Δημητρί</em></strong></span> <span class='ocrx_word' id='word_1_67' title='bbox 1280 1163 1284 1173; x_wconf 72' lang='grc'><strong><em>,</em></strong></span> 
     </span>
    </p>

    <p class='ocr_par' dir='ltr' id='par_1_9' title="bbox 360 1193 1300 1286">
     <span class='ocr_line' id='line_1_10' title="bbox 360 1193 1300 1286; baseline 0.004 -24"><span class='ocrx_word' id='word_1_68' title='bbox 360 1198 433 1274; x_wconf 75' lang='grc' dir='ltr'><strong><em>ΣΩ.</em></strong></span> <span class='ocrx_word' id='word_1_69' title='bbox 448 1193 591 1282; x_wconf 84' lang='grc' dir='ltr'><strong><em>’Ἀρρενα</em></strong></span> <span class='ocrx_word' id='word_1_70' title='bbox 611 1197 646 1261; x_wconf 80' lang='grc' dir='ltr'><strong><em>δέ</em></strong></span> <span class='ocrx_word' id='word_1_71' title='bbox 666 1203 740 1262; x_wconf 73' lang='grc' dir='ltr'><strong><em>ποία</em></strong></span> <span class='ocrx_word' id='word_1_72' title='bbox 759 1204 822 1262; x_wconf 85' lang='grc' dir='ltr'><strong><em>τῶν</em></strong></span> <span class='ocrx_word' id='word_1_73' title='bbox 842 1195 1017 1283; x_wconf 71' lang='grc' dir='ltr'><strong><em>όνομότωνς</em></strong></span> <span class='ocrx_word' id='word_1_74' title='bbox 1059 1202 1155 1266; x_wconf 81' lang='grc' dir='ltr'><strong><em>ΣΤΡ.</em></strong></span> <span class='ocrx_word' id='word_1_75' title='bbox 1176 1201 1300 1286; x_wconf 86' lang='grc' dir='ltr'><strong><em>Μαρία.</em></strong></span> 
     </span>
    </p>

    <p class='ocr_par' dir='ltr' id='par_1_10' title="bbox 363 1278 927 1366">
     <span class='ocr_line' id='line_1_11' title="bbox 363 1278 927 1366; baseline 0.005 -19"><span class='ocrx_word' id='word_1_76' title='bbox 363 1278 540 1359; x_wconf 81' lang='grc' dir='ltr'><strong><em>Φιλόξενος,</em></strong></span> <span class='ocrx_word' id='word_1_77' title='bbox 563 1284 742 1366; x_wconf 88' lang='grc' dir='ltr'><strong><em>Μελησίας,</em></strong></span> <span class='ocrx_word' id='word_1_78' title='bbox 759 1281 927 1364; x_wconf 88' lang='grc' dir='ltr'><strong><em>Ἀμυνίας.</em></strong></span> 
     </span>
    </p>

    <p class='ocr_par' dir='ltr' id='par_1_11' title="bbox 360 1357 1230 1454">
     <span class='ocr_line' id='line_1_12' title="bbox 360 1357 1230 1454; baseline 0.006 -24"><span class='ocrx_word' id='word_1_79' title='bbox 360 1367 430 1431; x_wconf 86' lang='grc' dir='ltr'><strong><em>ΣΩ.</em></strong></span> <span class='ocrx_word' id='word_1_80' title='bbox 447 1365 545 1430; x_wconf 80' lang='grc' dir='ltr'><strong><em>Ἀλλ’</em></strong></span> <span class='ocrx_word' id='word_1_81' title='bbox 569 1357 595 1430; x_wconf 78' lang='grc' dir='ltr'><strong><em>ὦ</em></strong></span> <span class='ocrx_word' id='word_1_82' title='bbox 615 1367 743 1451; x_wconf 86' lang='grc' dir='ltr'><strong><em>πονηρέ,</em></strong></span> <span class='ocrx_word' id='word_1_83' title='bbox 764 1364 864 1433; x_wconf 84' lang='grc' dir='ltr'><strong><em>ταῦτσί</em></strong></span> <span class='ocrx_word' id='word_1_84' title='bbox 884 1367 915 1454; x_wconf 80' lang='grc' dir='ltr'><strong><em>γ’</em></strong></span> <span class='ocrx_word' id='word_1_85' title='bbox 931 1364 1004 1434; x_wconf 67' lang='grc' dir='ltr'><strong><em>,ἴστ’</em></strong></span> <span class='ocrx_word' id='word_1_86' title='bbox 1028 1365 1085 1434; x_wconf 89' lang='grc' dir='ltr'><strong><em>ούκ</em></strong></span> <span class='ocrx_word' id='word_1_87' title='bbox 1105 1365 1230 1454; x_wconf 77' lang='grc' dir='ltr'><strong><em>ι’ίρρενα.</em></strong></span> 
     </span>
    </p>

    <p class='ocr_par' dir='ltr' id='par_1_12' title="bbox 359 1448 1334 1539">
     <span class='ocr_line' id='line_1_13' title="bbox 359 1448 1334 1539; baseline 0.005 -24"><span class='ocrx_word' id='word_1_88' title='bbox 359 1453 455 1515; x_wconf 82' lang='grc' dir='ltr'><strong><em>ΣΤΡ.</em></strong></span> <span class='ocrx_word' id='word_1_89' title='bbox 480 1449 547 1516; x_wconf 71' lang='lat' dir='ltr'><strong><em>obn</em></strong></span> <span class='ocrx_word' id='word_1_90' title='bbox 567 1448 670 1536; x_wconf 76' lang='grc' dir='ltr'><strong><em>ἄρρεν’</em></strong></span> <span class='ocrx_word' id='word_1_91' title='bbox 693 1449 767 1534; x_wconf 76' lang='grc' dir='ltr'><strong><em>ύμῖν</em></strong></span> <span class='ocrx_word' id='word_1_92' title='bbox 787 1454 885 1535; x_wconf 73' lang='grc' dir='ltr'><strong><em>έστινς</em></strong></span> <span class='ocrx_word' id='word_1_93' title='bbox 926 1453 998 1518; x_wconf 83' lang='grc' dir='ltr'><strong><em>ΣΩ.</em></strong></span> <span class='ocrx_word' id='word_1_94' title='bbox 1025 1451 1180 1536; x_wconf 75' lang='grc' dir='ltr'><strong><em>Οὐδαμῶς</em></strong></span> <span class='ocrx_word' id='word_1_95' title='bbox 1199 1453 1249 1539; x_wconf 78' lang='grc' dir='ltr'><strong><em>γ’,</em></strong></span> <span class='ocrx_word' id='word_1_96' title='bbox 1271 1454 1334 1520; x_wconf 63' lang='lat' dir='ltr'>luel</span> 
     </span>
    </p>

    <p class='ocr_par' dir='ltr' id='par_1_13' title="bbox 359 1533 1000 1620">
     <span class='ocr_line' id='line_1_14' title="bbox 359 1533 1000 1620; baseline -0.002 -19"><span class='ocrx_word' id='word_1_97' title='bbox 359 1539 436 1612; x_wconf 85' lang='grc' dir='ltr'><strong><em>Πῶς</em></strong></span> <span class='ocrx_word' id='word_1_98' title='bbox 458 1533 496 1600; x_wconf 81' lang='grc' dir='ltr'><strong><em>διν</em></strong></span> <span class='ocrx_word' id='word_1_99' title='bbox 517 1536 674 1613; x_wconf 86' lang='grc' dir='ltr'><strong><em>καλέσειας</em></strong></span> <span class='ocrx_word' id='word_1_100' title='bbox 694 1537 826 1620; x_wconf 83' lang='grc' dir='ltr'><strong><em>έντυχών</em></strong></span> <span class='ocrx_word' id='word_1_101' title='bbox 842 1538 1000 1620; x_wconf 65' lang='grc' dir='ltr'><strong><em>Ἀμυνίας</em></strong></span> 
     </span>
    </p>

    <p class='ocr_par' dir='ltr' id='par_1_14' title="bbox 358 1601 1275 1708">
     <span class='ocr_line' id='line_1_15' title="bbox 358 1601 1275 1708; baseline 0.005 -23"><span class='ocrx_word' id='word_1_102' title='bbox 358 1623 454 1685; x_wconf 79' lang='grc' dir='ltr'><strong><em>ΣΤΡ.</em></strong></span> <span class='ocrx_word' id='word_1_103' title='bbox 468 1619 574 1698; x_wconf 83' lang='grc' dir='ltr'><strong><em>Ὅπως</em></strong></span> <span class='ocrx_word' id='word_1_104' title='bbox 593 1618 647 1703; x_wconf 72' lang='grc' dir='ltr'><strong><em>όνς</em></strong></span> <span class='ocrx_word' id='word_1_105' title='bbox 668 1618 740 1698; x_wconf 85' lang='grc' dir='ltr'><strong><em>ὡδί,</em></strong></span> <span class='ocrx_word' id='word_1_106' title='bbox 762 1625 868 1708; x_wconf 75' lang='grc' dir='ltr'><strong><em>δεῦρο,</em></strong></span> <span class='ocrx_word' id='word_1_107' title='bbox 890 1601 977 1708; x_wconf 66' lang='grc' dir='ltr'><strong><em>δεῦρι</em></strong></span> <span class='ocrx_word' id='word_1_108' title='bbox 996 1619 1147 1704; x_wconf 81' lang='grc' dir='ltr'><strong><em>Ἀμυνία.</em></strong></span> <span class='ocrx_word' id='word_1_109' title='bbox 1272 1692 1275 1700; x_wconf 71' lang='grc'><strong><em>,</em></strong></span> 
     </span>
    </p>

    <p class='ocr_par' dir='ltr' id='par_1_15' title="bbox 360 1702 1086 1790">
     <span class='ocr_line' id='line_1_16' title="bbox 360 1702 1086 1790; baseline 0.003 -20"><span class='ocrx_word' id='word_1_110' title='bbox 360 1706 430 1770; x_wconf 80' lang='grc' dir='ltr'><strong><em>ΣΩ.</em></strong></span> <span class='ocrx_word' id='word_1_111' title='bbox 448 1702 561 1788; x_wconf 71' lang='grc' dir='ltr'><strong><em>Ὁρᾶςς</em></strong></span> <span class='ocrx_word' id='word_1_112' title='bbox 580 1715 710 1790; x_wconf 78' lang='grc' dir='ltr'><strong><em>γυναῖκα</em></strong></span> <span class='ocrx_word' id='word_1_113' title='bbox 729 1707 788 1790; x_wconf 77' lang='grc' dir='ltr'><strong><em>τὴν</em></strong></span> <span class='ocrx_word' id='word_1_114' title='bbox 799 1706 956 1790; x_wconf 84' lang='grc' dir='ltr'><strong><em>Ἀμυνίαν</em></strong></span> <span class='ocrx_word' id='word_1_115' title='bbox 975 1711 1086 1783; x_wconf 83' lang='grc' dir='ltr'><strong><em>καλεῖς.</em></strong></span> 
     </span>
    </p>

    <p class='ocr_par' dir='ltr' id='par_1_16' title="bbox 267 1787 1445 2449">
     <span class='ocr_line' id='line_1_17' title="bbox 359 1787 1136 1878; baseline -0.001 -22"><span class='ocrx_word' id='word_1_116' title='bbox 359 1793 456 1856; x_wconf 75' lang='grc' dir='ltr'><strong><em>ΣΤΡ.</em></strong></span> <span class='ocrx_word' id='word_1_117' title='bbox 481 1789 604 1856; x_wconf 83' lang='grc' dir='ltr'><strong><em>Ούκοῦν</em></strong></span> <span class='ocrx_word' id='word_1_118' title='bbox 621 1793 760 1868; x_wconf 78' lang='grc' dir='ltr'><strong><em>δικαίαις,</em></strong></span> <span class='ocrx_word' id='word_1_119' title='bbox 781 1788 848 1876; x_wconf 82' lang='grc' dir='ltr'><strong><em>ἥτις</em></strong></span> <span class='ocrx_word' id='word_1_120' title='bbox 869 1792 907 1858; x_wconf 86' lang='grc' dir='ltr'><strong><em>σύ</em></strong></span> <span class='ocrx_word' id='word_1_121' title='bbox 927 1787 1136 1878; x_wconf 72' lang='grc' dir='ltr'><strong><em>στρατεύεται.</em></strong></span> 
     </span>
     <span class='ocr_line' id='line_1_18' title="bbox 274 1875 1444 1962; baseline -0.002 -18"><span class='ocrx_word' id='word_1_122' title='bbox 274 1878 326 1944; x_wconf 92' lang='lat' dir='ltr'><strong><em>nbi</em></strong></span> <span class='ocrx_word' id='word_1_123' title='bbox 345 1876 508 1942; x_wconf 83' lang='lat' dir='ltr'>Philoxeni</span> <span class='ocrx_word' id='word_1_124' title='bbox 533 1897 646 1962; x_wconf 89' lang='lat' dir='ltr'>quoque</span> <span class='ocrx_word' id='word_1_125' title='bbox 660 1884 698 1942; x_wconf 87' lang='lat' dir='ltr'><strong><em>et</em></strong></span> <span class='ocrx_word' id='word_1_126' title='bbox 716 1876 863 1944; x_wconf 88' lang='lat' dir='ltr'>Melesiae</span> <span class='ocrx_word' id='word_1_127' title='bbox 888 1879 1009 1944; x_wconf 83' lang='lat' dir='ltr'>nomina</span> <span class='ocrx_word' id='word_1_128' title='bbox 1033 1897 1095 1944; x_wconf 87' lang='lat' dir='ltr'><strong><em>nou</em></strong></span> <span class='ocrx_word' id='word_1_129' title='bbox 1115 1883 1225 1942; x_wconf 88' lang='lat' dir='ltr'>temere</span> <span class='ocrx_word' id='word_1_130' title='bbox 1246 1897 1314 1944; x_wconf 86' lang='lat' dir='ltr'>esse</span> <span class='ocrx_word' id='word_1_131' title='bbox 1333 1875 1444 1960; x_wconf 80' lang='lat' dir='ltr'>electa,</span> 
     </span>
     <span class='ocr_line' id='line_1_19' title="bbox 274 1957 1444 2052; baseline -0.003 -23"><span class='ocrx_word' id='word_1_132' title='bbox 274 1971 306 2030; x_wconf 89' lang='lat' dir='ltr'><strong><em>et</em></strong></span> <span class='ocrx_word' id='word_1_133' title='bbox 329 1985 384 2052; x_wconf 91' lang='lat' dir='ltr'><strong><em>per</em></strong></span> <span class='ocrx_word' id='word_1_134' title='bbox 409 1983 443 2028; x_wconf 93' lang='lat' dir='ltr'><strong><em>se</em></strong></span> <span class='ocrx_word' id='word_1_135' title='bbox 464 1969 692 2027; x_wconf 82' lang='lat' dir='ltr'>consentaneum</span> <span class='ocrx_word' id='word_1_136' title='bbox 718 1971 766 2028; x_wconf 89' lang='lat' dir='ltr'><strong><em>est</em></strong></span> <span class='ocrx_word' id='word_1_137' title='bbox 786 1973 816 2028; x_wconf 89' lang='lat' dir='ltr'><strong><em>et</em></strong></span> <span class='ocrx_word' id='word_1_138' title='bbox 836 1961 968 2032; x_wconf 83' lang='lat' dir='ltr'>Souratis</span> <span class='ocrx_word' id='word_1_139' title='bbox 998 1962 1089 2029; x_wconf 79' lang='lat' dir='ltr'>verbe</span> <span class='ocrx_word' id='word_1_140' title='bbox 1113 1957 1212 2026; x_wconf 76' lang='grc' dir='ltr'><strong><em>ταῦτα</em></strong></span> <span class='ocrx_word' id='word_1_141' title='bbox 1237 1959 1269 2044; x_wconf 80' lang='grc' dir='ltr'><strong><em>γ’</em></strong></span> <span class='ocrx_word' id='word_1_142' title='bbox 1293 1961 1358 2028; x_wconf 69' lang='grc' dir='ltr'><strong><em>ἔστ’</em></strong></span> <span class='ocrx_word' id='word_1_143' title='bbox 1383 1961 1444 2027; x_wconf 85' lang='grc' dir='ltr'><strong><em>σύκ</em></strong></span> 
     </span>
     <span class='ocr_line' id='line_1_20' title="bbox 274 2044 1445 2136; baseline -0.002 -22"><span class='ocrx_word' id='word_1_144' title='bbox 274 2047 388 2134; x_wconf 82' lang='grc' dir='ltr'><strong><em>ύρρενα</em></strong></span> <span class='ocrx_word' id='word_1_145' title='bbox 409 2053 548 2134; x_wconf 84' lang='lat' dir='ltr'>arguunt</span> <span class='ocrx_word' id='word_1_146' title='bbox 588 2046 660 2110; x_wconf 87' lang='lat' dir='ltr'><strong><em>Non</em></strong></span> <span class='ocrx_word' id='word_1_147' title='bbox 679 2047 785 2112; x_wconf 82' lang='lat' dir='ltr'>insuite</span> <span class='ocrx_word' id='word_1_148' title='bbox 809 2047 888 2114; x_wconf 86' lang='lat' dir='ltr'>enim</span> <span class='ocrx_word' id='word_1_149' title='bbox 907 2045 1125 2136; x_wconf 80' lang='lat' dir='ltr'>Aristophanes</span> <span class='ocrx_word' id='word_1_150' title='bbox 1146 2044 1347 2134; x_wconf 84' lang='lat' dir='ltr'>Strepsiadeur</span> <span class='ocrx_word' id='word_1_151' title='bbox 1367 2047 1445 2113; x_wconf 82' lang='lat' dir='ltr'>lecit</span> 
     </span>
     <span class='ocr_line' id='line_1_21' title="bbox 274 2130 1442 2218; baseline -0.001 -19"><span class='ocrx_word' id='word_1_152' title='bbox 274 2154 327 2200; x_wconf 89' lang='lat' dir='ltr'><strong><em>eos</em></strong></span> <span class='ocrx_word' id='word_1_153' title='bbox 346 2131 425 2198; x_wconf 89' lang='lat' dir='ltr'>inter</span> <span class='ocrx_word' id='word_1_154' title='bbox 445 2133 527 2195; x_wconf 88' lang='lat' dir='ltr'>viros</span> <span class='ocrx_word' id='word_1_155' title='bbox 546 2131 674 2212; x_wconf 79' lang='lat' dir='ltr'>reterre,</span> <span class='ocrx_word' id='word_1_156' title='bbox 694 2132 745 2216; x_wconf 86' lang='lat' dir='ltr'><strong><em>qui</em></strong></span> <span class='ocrx_word' id='word_1_157' title='bbox 764 2132 884 2198; x_wconf 85' lang='lat' dir='ltr'>nomine</span> <span class='ocrx_word' id='word_1_158' title='bbox 908 2132 1024 2218; x_wconf 80' lang='lat' dir='ltr'>quidem</span> <span class='ocrx_word' id='word_1_159' title='bbox 1044 2131 1113 2214; x_wconf 84' lang='lat' dir='ltr'>viri,</span> <span class='ocrx_word' id='word_1_160' title='bbox 1134 2130 1189 2198; x_wconf 81' lang='lat' dir='ltr'><strong><em>sel</em></strong></span> <span class='ocrx_word' id='word_1_161' title='bbox 1208 2153 1316 2198; x_wconf 78' lang='lat' dir='ltr'>revere</span> <span class='ocrx_word' id='word_1_162' title='bbox 1335 2132 1442 2200; x_wconf 88' lang='lat' dir='ltr'>mulie·</span> 
     </span>
     <span class='ocr_line' id='line_1_22' title="bbox 274 2214 1443 2306; baseline 0.001 -23"><span class='ocrx_word' id='word_1_163' title='bbox 274 2239 324 2284; x_wconf 89' lang='lat' dir='ltr'><strong><em>res</em></strong></span> <span class='ocrx_word' id='word_1_164' title='bbox 347 2222 456 2282; x_wconf 88' lang='lat' dir='ltr'>esseut.</span> <span class='ocrx_word' id='word_1_165' title='bbox 487 2214 529 2278; x_wconf 87' lang='lat' dir='ltr'><strong><em>Et</em></strong></span> <span class='ocrx_word' id='word_1_166' title='bbox 548 2215 734 2280; x_wconf 87' lang='lat' dir='ltr'>Philoxenus</span> <span class='ocrx_word' id='word_1_167' title='bbox 776 2215 871 2281; x_wconf 89' lang='lat' dir='ltr'>uidem</span> <span class='ocrx_word' id='word_1_168' title='bbox 891 2216 970 2281; x_wconf 86' lang='lat' dir='ltr'>haud</span> <span class='ocrx_word' id='word_1_169' title='bbox 991 2216 1079 2282; x_wconf 89' lang='lat' dir='ltr'>dubie</span> <span class='ocrx_word' id='word_1_170' title='bbox 1099 2217 1126 2280; x_wconf 88' lang='lat' dir='ltr'>is</span> <span class='ocrx_word' id='word_1_171' title='bbox 1148 2223 1195 2281; x_wconf 90' lang='lat' dir='ltr'><strong><em>est</em></strong></span> <span class='ocrx_word' id='word_1_172' title='bbox 1213 2215 1443 2306; x_wconf 81' lang='lat' dir='ltr'>intelligendus,</span> 
     </span>
     <span class='ocr_line' id='line_1_23' title="bbox 267 2297 1389 2449; baseline 0 -81"><span class='ocrx_word' id='word_1_173' title='bbox 267 2303 367 2389; x_wconf 66' lang='lat' dir='ltr'>quone</span> <span class='ocrx_word' id='word_1_174' title='bbox 379 2299 504 2389; x_wconf 84' lang='lat' dir='ltr'>Eupolis</span> <span class='ocrx_word' id='word_1_175' title='bbox 524 2299 557 2363; x_wconf 91' lang='lat' dir='ltr'><strong><em>in</em></strong></span> <span class='ocrx_word' id='word_1_176' title='bbox 577 2297 708 2366; x_wconf 80' lang='lat' dir='ltr'>Urbibus</span> <span class='ocrx_word' id='word_1_177' title='bbox 750 2299 857 2390; x_wconf 72' lang='lat' dir='ltr'>&#39;uuile</span> <span class='ocrx_word' id='word_1_178' title='bbox 877 2300 1018 2366; x_wconf 75' lang='lat' dir='ltr'>luminam</span> <span class='ocrx_word' id='word_1_179' title='bbox 1035 2299 1183 2449; x_wconf 77' lang='grc' dir='ltr'><strong><em>ιεφρολίαλι</em></strong></span> <span class='ocrx_word' id='word_1_180' title='bbox 1386 2317 1389 2322; x_wconf 89' lang='grc'><strong><em>·</em></strong></span> 
     </span>
    </p>

    <p class='ocr_par' dir='ltr' id='par_1_17' title="bbox 271 2379 1216 2562">
     <span class='ocr_line' id='line_1_24' title="bbox 349 2379 1113 2465; baseline 0.003 -17"><span class='ocrx_word' id='word_1_181' title='bbox 349 2382 436 2448; x_wconf 85' lang='grc' dir='ltr'><strong><em>Ἔστι</em></strong></span> <span class='ocrx_word' id='word_1_182' title='bbox 458 2385 495 2448; x_wconf 87' lang='grc' dir='ltr'><strong><em>δέ</em></strong></span> <span class='ocrx_word' id='word_1_183' title='bbox 512 2407 558 2458; x_wconf 90' lang='grc' dir='ltr'><strong><em>τις</em></strong></span> <span class='ocrx_word' id='word_1_184' title='bbox 578 2379 689 2463; x_wconf 71' lang='grc' dir='ltr'><strong><em>θήλεια</em></strong></span> <span class='ocrx_word' id='word_1_185' title='bbox 712 2382 874 2460; x_wconf 83' lang='grc' dir='ltr'><strong><em>Φιλόξενος</em></strong></span> <span class='ocrx_word' id='word_1_186' title='bbox 894 2383 927 2450; x_wconf 77' lang='lat' dir='ltr'><strong><em>ln</em></strong></span> <span class='ocrx_word' id='word_1_187' title='bbox 948 2387 1034 2465; x_wconf 85' lang='grc' dir='ltr'><strong><em>Λιομ</em></strong></span> <span class='ocrx_word' id='word_1_188' title='bbox 1060 2409 1113 2450; x_wconf 88' lang='grc' dir='ltr'><strong><em>ων.</em></strong></span> 
     </span>
     <span class='ocr_line' id='line_1_25' title="bbox 271 2467 1216 2562; baseline 0 -26"><span class='ocrx_word' id='word_1_189' title='bbox 271 2469 440 2562; x_wconf 76' lang='lat' dir='ltr'>pariterque</span> <span class='ocrx_word' id='word_1_190' title='bbox 460 2471 490 2534; x_wconf 92' lang='lat' dir='ltr'><strong><em>ei</em></strong></span> <span class='ocrx_word' id='word_1_191' title='bbox 510 2467 664 2534; x_wconf 84' lang='lat' dir='ltr'>maledixit</span> <span class='ocrx_word' id='word_1_192' title='bbox 685 2468 902 2558; x_wconf 80' lang='lat' dir='ltr'>Aristophanes</span> <span class='ocrx_word' id='word_1_193' title='bbox 922 2469 956 2536; x_wconf 89' lang='lat' dir='ltr'><strong><em>iu</em></strong></span> <span class='ocrx_word' id='word_1_194' title='bbox 975 2469 1086 2560; x_wconf 80' lang='lat' dir='ltr'>-Vespis</span> <span class='ocrx_word' id='word_1_195' title='bbox 1106 2490 1136 2536; x_wconf 87' lang='lat' dir='ltr'><strong><em>v.</em></strong></span> <span class='ocrx_word' id='word_1_196' title='bbox 1155 2469 1216 2538; x_wconf 65' lang='grc' dir='ltr'><strong><em>δίο</em></strong></span> 
     </span>
    </p>

    <p class='ocr_par' dir='ltr' id='par_1_18' title="bbox 358 2545 1190 2639">
     <span class='ocr_line' id='line_1_26' title="bbox 358 2545 1190 2639; baseline 0 -19"><span class='ocrx_word' id='word_1_197' title='bbox 358 2553 434 2626; x_wconf 78' lang='grc' dir='ltr'><strong><em>ΞΑ.</em></strong></span> <span class='ocrx_word' id='word_1_198' title='bbox 460 2549 673 2637; x_wconf 85' lang='grc' dir='ltr'><strong><em>Νικόστρατος</em></strong></span> <span class='ocrx_word' id='word_1_199' title='bbox 693 2551 725 2620; x_wconf 83' lang='grc' dir='ltr'><strong><em>δ’</em></strong></span> <span class='ocrx_word' id='word_1_200' title='bbox 749 2545 792 2618; x_wconf 82' lang='grc' dir='ltr'><strong><em>αύ</em></strong></span> <span class='ocrx_word' id='word_1_201' title='bbox 812 2578 907 2639; x_wconf 85' lang='grc' dir='ltr'><strong><em>φησιν</em></strong></span> <span class='ocrx_word' id='word_1_202' title='bbox 926 2551 945 2620; x_wconf 81' lang='grc' dir='ltr'><strong><em>ό</em></strong></span> <span class='ocrx_word' id='word_1_203' title='bbox 965 2555 1190 2637; x_wconf 77' lang='grc' dir='ltr'><strong><em>Σκαμβωνίδης</em></strong></span> 
     </span>
    </p>

    <p class='ocr_par' dir='ltr' id='par_1_19' title="bbox 356 2635 979 2725">
     <span class='ocr_line' id='line_1_27' title="bbox 356 2635 979 2725; baseline 0.003 -21"><span class='ocrx_word' id='word_1_204' title='bbox 356 2637 445 2704; x_wconf 75' lang='grc' dir='ltr'><strong><em>Εἶναι</em></strong></span> <span class='ocrx_word' id='word_1_205' title='bbox 466 2635 640 2722; x_wconf 75' lang='grc' dir='ltr'><strong><em>φιλοθύτην</em></strong></span> <span class='ocrx_word' id='word_1_206' title='bbox 661 2637 755 2704; x_wconf 84' lang='grc' dir='ltr'><strong><em>αύτδν</em></strong></span> <span class='ocrx_word' id='word_1_207' title='bbox 775 2637 795 2723; x_wconf 78' lang='grc' dir='ltr'><em>ἢ</em></span> <span class='ocrx_word' id='word_1_208' title='bbox 812 2635 979 2725; x_wconf 85' lang='grc' dir='ltr'><strong><em>φιλόξενον.</em></strong></span> 
     </span>
    </p>

    <p class='ocr_par' dir='ltr' id='par_1_20' title="bbox 355 2713 1211 2811">
     <span class='ocr_line' id='line_1_28' title="bbox 355 2713 1211 2811; baseline 0 -23"><span class='ocrx_word' id='word_1_209' title='bbox 355 2725 425 2790; x_wconf 86' lang='grc' dir='ltr'><strong><em>ΣΩ.</em></strong></span> <span class='ocrx_word' id='word_1_210' title='bbox 452 2723 515 2790; x_wconf 74' lang='lat' dir='ltr'><strong><em>Ma</em></strong></span> <span class='ocrx_word' id='word_1_211' title='bbox 534 2722 588 2790; x_wconf 81' lang='grc' dir='ltr'><strong><em>τὸν</em></strong></span> <span class='ocrx_word' id='word_1_212' title='bbox 608 2720 694 2802; x_wconf 74' lang='grc' dir='ltr'><strong><em>κύν’,</em></strong></span> <span class='ocrx_word' id='word_1_213' title='bbox 716 2713 742 2790; x_wconf 81' lang='grc' dir='ltr'><strong><em>ὦ</em></strong></span> <span class='ocrx_word' id='word_1_214' title='bbox 761 2721 965 2808; x_wconf 84' lang='grc' dir='ltr'><strong><em>Νικόστρατ’,</em></strong></span> <span class='ocrx_word' id='word_1_215' title='bbox 986 2719 1024 2789; x_wconf 86' lang='grc' dir='ltr'><strong><em>ού</em></strong></span> <span class='ocrx_word' id='word_1_216' title='bbox 1045 2719 1211 2811; x_wconf 78' lang='grc' dir='ltr'><strong><em>φιλόξενος,</em></strong></span> 
     </span>
    </p>

    <p class='ocr_par' dir='ltr' id='par_1_21' title="bbox 216 2807 1530 3322">
     <span class='ocr_line' id='line_1_29' title="bbox 352 2807 1027 2894; baseline -0.003 -18"><span class='ocrx_word' id='word_1_217' title='bbox 352 2807 435 2876; x_wconf 79' lang='grc' dir='ltr'><strong><em>Ἐαιλ</em></strong></span> <span class='ocrx_word' id='word_1_218' title='bbox 454 2807 639 2894; x_wconf 82' lang='grc' dir='ltr'><strong><em>καταπύγων</em></strong></span> <span class='ocrx_word' id='word_1_219' title='bbox 659 2811 741 2876; x_wconf 70' lang='grc' dir='ltr'><strong><em>ἐστίν</em></strong></span> <span class='ocrx_word' id='word_1_220' title='bbox 761 2808 778 2876; x_wconf 77' lang='grc' dir='ltr'>ὅ</span> <span class='ocrx_word' id='word_1_221' title='bbox 799 2833 831 2893; x_wconf 89' lang='grc' dir='ltr'><strong><em>γε</em></strong></span> <span class='ocrx_word' id='word_1_222' title='bbox 856 2811 1027 2888; x_wconf 78' lang='grc' dir='ltr'><strong><em>Φιλόξενος.</em></strong></span> 
     </span>
     <span class='ocr_line' id='line_1_30' title="bbox 270 2889 1530 2992; baseline -0.003 -29"><span class='ocrx_word' id='word_1_223' title='bbox 270 2897 323 2964; x_wconf 87' lang='lat' dir='ltr'><strong><em>ubi</em></strong></span> <span class='ocrx_word' id='word_1_224' title='bbox 342 2917 475 2984; x_wconf 41' lang='lat' dir='ltr'>‚gruem</span> <span class='ocrx_word' id='word_1_225' title='bbox 501 2896 563 2960; x_wconf 89' lang='lat' dir='ltr'>inte</span> <span class='ocrx_word' id='word_1_226' title='bbox 599 2917 649 2960; x_wconf 91' lang='lat' dir='ltr'><strong><em>res</em></strong></span> <span class='ocrx_word' id='word_1_227' title='bbox 674 2896 758 2960; x_wconf 88' lang='lat' dir='ltr'>illum</span> <span class='ocrx_word' id='word_1_228' title='bbox 777 2894 932 2984; x_wconf 83' lang='lat' dir='ltr'><strong>Eupolidis</strong></span> <span class='ocrx_word' id='word_1_229' title='bbox 959 2909 1077 2960; x_wconf 84' lang='lat' dir='ltr'>versum</span> <span class='ocrx_word' id='word_1_230' title='bbox 1104 2891 1277 2981; x_wconf 78' lang='lat' dir='ltr'>adscripsit,</span> <span class='ocrx_word' id='word_1_231' title='bbox 1306 2889 1441 2960; x_wconf 87' lang='lat' dir='ltr'>adhibito</span> <span class='ocrx_word' id='word_1_232' title='bbox 1529 2937 1530 2992; x_wconf 47' lang='lat' dir='ltr'>p</span> 
     </span>
     <span class='ocr_line' id='line_1_31' title="bbox 216 2975 1530 3072; baseline -0.002 -28"><span class='ocrx_word' id='word_1_233' title='bbox 216 2997 223 3010; x_wconf 79' lang='lat'><strong><em>¹</em></strong></span> <span class='ocrx_word' id='word_1_234' title='bbox 270 2987 426 3072; x_wconf 81' lang='lat' dir='ltr'>praetereo</span> <span class='ocrx_word' id='word_1_235' title='bbox 445 2979 581 3064; x_wconf 86' lang='lat' dir='ltr'>Phryniu</span> <span class='ocrx_word' id='word_1_236' title='bbox 601 2981 613 3044; x_wconf 93' lang='lat' dir='ltr'>i</span> <span class='ocrx_word' id='word_1_237' title='bbox 633 3001 674 3046; x_wconf 86' lang='lat' dir='ltr'><strong><em>ex</em></strong></span> <span class='ocrx_word' id='word_1_238' title='bbox 694 2979 813 3068; x_wconf 78' lang='lat' dir='ltr'>Satyris</span> <span class='ocrx_word' id='word_1_239' title='bbox 835 2980 1010 3048; x_wconf 83' lang='lat' dir='ltr'>testimonio.</span> <span class='ocrx_word' id='word_1_240' title='bbox 1034 2977 1125 3045; x_wconf 76' lang='lat' dir='ltr'>,Fuit</span> <span class='ocrx_word' id='word_1_241' title='bbox 1145 2987 1241 3042; x_wconf 82' lang='lat' dir='ltr'>autem</span> <span class='ocrx_word' id='word_1_242' title='bbox 1262 2975 1311 3042; x_wconf 85' lang='lat' dir='ltr'><strong><em>hie</em></strong></span> <span class='ocrx_word' id='word_1_243' title='bbox 1331 2975 1440 3044; x_wconf 91' lang='lat' dir='ltr'>Philo·</span> <span class='ocrx_word' id='word_1_244' title='bbox 1529 2993 1530 3016; x_wconf 64' lang='lat'>¹</span> 
     </span>
     <span class='ocr_line' id='line_1_32' title="bbox 270 3059 1441 3160; baseline -0.003 -28"><span class='ocrx_word' id='word_1_245' title='bbox 270 3085 368 3132; x_wconf 79' lang='lat' dir='ltr'>xeuur</span> <span class='ocrx_word' id='word_1_246' title='bbox 393 3064 539 3150; x_wconf 83' lang='lat' dir='ltr'>Eryxidis</span> <span class='ocrx_word' id='word_1_247' title='bbox 566 3065 662 3146; x_wconf 82' lang='lat' dir='ltr'>lilius,</span> <span class='ocrx_word' id='word_1_248' title='bbox 689 3065 739 3151; x_wconf 84' lang='lat' dir='ltr'><strong><em>qui</em></strong></span> <span class='ocrx_word' id='word_1_249' title='bbox 770 3073 801 3129; x_wconf 91' lang='lat' dir='ltr'><strong><em>et</em></strong></span> <span class='ocrx_word' id='word_1_250' title='bbox 826 3065 836 3130; x_wconf 93' lang='lat' dir='ltr'>i</span> <span class='ocrx_word' id='word_1_251' title='bbox 858 3087 892 3130; x_wconf 92' lang='lat' dir='ltr'><strong><em>se</em></strong></span> <span class='ocrx_word' id='word_1_252' title='bbox 917 3072 1037 3154; x_wconf 87' lang='lat' dir='ltr'>propter</span> <span class='ocrx_word' id='word_1_253' title='bbox 1061 3061 1166 3160; x_wconf 71' lang='lat' dir='ltr'>foebus</span> <span class='ocrx_word' id='word_1_254' title='bbox 1193 3059 1331 3128; x_wconf 81' lang='lat' dir='ltr'>libidines</span> <span class='ocrx_word' id='word_1_255' title='bbox 1358 3063 1441 3128; x_wconf 88' lang='lat' dir='ltr'>male</span> 
     </span>
     <span class='ocr_line' id='line_1_33' title="bbox 271 3087 1439 3296; baseline -0.003 -81"><span class='ocrx_word' id='word_1_256' title='bbox 271 3149 393 3230; x_wconf 78' lang='lat' dir='ltr'>audivit,</span> <span class='ocrx_word' id='word_1_257' title='bbox 413 3148 474 3213; x_wconf 82' lang='lat' dir='ltr'>vio.</span> <span class='ocrx_word' id='word_1_258' title='bbox 494 3169 569 3234; x_wconf 81' lang='lat' dir='ltr'>quoe</span> <span class='ocrx_word' id='word_1_259' title='bbox 590 3171 630 3214; x_wconf 85' lang='lat' dir='ltr'><strong><em>ex</em></strong></span> <span class='ocrx_word' id='word_1_260' title='bbox 649 3147 811 3214; x_wconf 79' lang='lat' dir='ltr'>Aeschinis</span> <span class='ocrx_word' id='word_1_261' title='bbox 831 3087 963 3260; x_wconf 63' lang='lat' dir='ltr'>elialopo,</span> <span class='ocrx_word' id='word_1_262' title='bbox 983 3149 1037 3235; x_wconf 84' lang='lat' dir='ltr'>qui.</span> <span class='ocrx_word' id='word_1_263' title='bbox 1052 3145 1167 3214; x_wconf 69' lang='lat' dir='ltr'>cattas</span> <span class='ocrx_word' id='word_1_264' title='bbox 1187 3145 1347 3296; x_wconf 83' lang='lat' dir='ltr'>inscriptus</span> <span class='ocrx_word' id='word_1_265' title='bbox 1367 3147 1439 3230; x_wconf 88' lang='lat' dir='ltr'>luit,</span> 
     </span>
     <span class='ocr_line' id='line_1_34' title="bbox 270 3227 1441 3322; baseline -0.003 -22"><span class='ocrx_word' id='word_1_266' title='bbox 270 3235 446 3300; x_wconf 76' lang='lat' dir='ltr'>Athenaeus</span> <span class='ocrx_word' id='word_1_267' title='bbox 472 3231 512 3302; x_wconf 87' lang='lat' dir='ltr'><strong><em>V.</em></strong></span> <span class='ocrx_word' id='word_1_268' title='bbox 532 3254 561 3322; x_wconf 81' lang='lat' dir='ltr'><strong><em>p.</em></strong></span> <span class='ocrx_word' id='word_1_269' title='bbox 583 3235 647 3298; x_wconf 74' lang='lat'><strong><em>220</em></strong></span> <span class='ocrx_word' id='word_1_270' title='bbox 666 3232 704 3300; x_wconf 89' lang='lat' dir='ltr'><strong><em>B.</em></strong></span> <span class='ocrx_word' id='word_1_271' title='bbox 731 3233 834 3300; x_wconf 76' lang='lat' dir='ltr'>afferte</span> <span class='ocrx_word' id='word_1_272' title='bbox 875 3237 970 3318; x_wconf 84' lang='grc' dir='ltr'><strong><em>Λεγει</em></strong></span> <span class='ocrx_word' id='word_1_273' title='bbox 997 3231 1055 3318; x_wconf 80' lang='grc' dir='ltr'><strong><em>γὰρ</em></strong></span> <span class='ocrx_word' id='word_1_274' title='bbox 1082 3227 1126 3310; x_wconf 82' lang='grc' dir='ltr'><strong><em>ὡς</em></strong></span> <span class='ocrx_word' id='word_1_275' title='bbox 1153 3231 1169 3296; x_wconf 86' lang='grc' dir='ltr'><strong>ὁ</strong></span> <span class='ocrx_word' id='word_1_276' title='bbox 1195 3231 1252 3314; x_wconf 80' lang='grc' dir='ltr'><strong><em>μέν</em></strong></span> <span class='ocrx_word' id='word_1_277' title='bbox 1297 3227 1441 3318; x_wconf 78' lang='grc' dir='ltr'><strong><em>ίρόδικος</em></strong></span> 
     </span>
    </p>
   </div>
   <div class='ocr_carea' id='block_1_3' title="bbox 136 3305 1441 3404">
    <p class='ocr_par' dir='ltr' id='par_1_22' title="bbox 136 3305 1441 3404">
     <span class='ocr_line' id='line_1_35' title="bbox 136 3305 1441 3404; baseline -0.004 -18"><span class='ocrx_word' id='word_1_278' title='bbox 136 3313 138 3318; x_wconf 57' lang='grc'><strong>’</strong></span> <span class='ocrx_word' id='word_1_279' title='bbox 171 3305 172 3310; x_wconf 21' lang='lat'>¹</span> <span class='ocrx_word' id='word_1_280' title='bbox 273 3317 459 3401; x_wconf 74' lang='grc' dir='ltr'><strong><em>Θηραμένην</em></strong></span> <span class='ocrx_word' id='word_1_281' title='bbox 478 3315 626 3402; x_wconf 85' lang='grc' dir='ltr'><strong><em>μαθητὴν</em></strong></span> <span class='ocrx_word' id='word_1_282' title='bbox 646 3316 833 3397; x_wconf 78' lang='grc' dir='ltr'><strong><em>ἀπετέλεσεν,</em></strong></span> <span class='ocrx_word' id='word_1_283' title='bbox 862 3315 879 3384; x_wconf 81' lang='grc' dir='ltr'><strong>ὅ</strong></span> <span class='ocrx_word' id='word_1_284' title='bbox 900 3317 931 3384; x_wconf 85' lang='grc' dir='ltr'><strong><em>δ’</em></strong></span> <span class='ocrx_word' id='word_1_285' title='bbox 955 3319 1056 3404; x_wconf 76' lang='grc' dir='ltr'><strong><em>λ’τερσς</em></strong></span> <span class='ocrx_word' id='word_1_286' title='bbox 1075 3313 1317 3403; x_wconf 60' lang='grc' dir='ltr'><strong><em>(Ἀναξαγόρας)</em></strong></span> <span class='ocrx_word' id='word_1_287' title='bbox 1340 3312 1441 3382; x_wconf 81' lang='grc' dir='ltr'><strong><em>Φιλό-</em></strong></span> 
     </span>
    </p>
   </div>
   <div class='ocr_carea' id='block_1_4' title="bbox 267 3395 1528 4513">
    <p class='ocr_par' dir='ltr' id='par_1_23' title="bbox 267 3395 1528 4513">
     <span class='ocr_line' id='line_1_36' title="bbox 271 3395 1439 3490; baseline 0 -22"><span class='ocrx_word' id='word_1_288' title='bbox 271 3407 355 3479; x_wconf 80' lang='grc' dir='ltr'><strong><em>ξενον</em></strong></span> <span class='ocrx_word' id='word_1_289' title='bbox 376 3401 430 3467; x_wconf 91' lang='grc' dir='ltr'><strong><em>τδν</em></strong></span> <span class='ocrx_word' id='word_1_290' title='bbox 446 3399 603 3488; x_wconf 79' lang='grc' dir='ltr'><strong><em>Ἐρύξιδος</em></strong></span> <span class='ocrx_word' id='word_1_291' title='bbox 630 3395 682 3468; x_wconf 70' lang='lat' dir='ltr'><strong><em>lut</em></strong></span> <span class='ocrx_word' id='word_1_292' title='bbox 700 3400 902 3490; x_wconf 78' lang='grc' dir='ltr'><strong><em>Ἀριφράδην</em></strong></span> <span class='ocrx_word' id='word_1_293' title='bbox 927 3402 981 3470; x_wconf 85' lang='grc' dir='ltr'><strong><em>τόν</em></strong></span> <span class='ocrx_word' id='word_1_294' title='bbox 1006 3400 1139 3488; x_wconf 78' lang='grc' dir='ltr'><strong><em>ἀδελφὸν</em></strong></span> <span class='ocrx_word' id='word_1_295' title='bbox 1155 3397 1351 3487; x_wconf 80' lang='grc' dir='ltr'><strong><em>Ἀριγνώτου</em></strong></span> <span class='ocrx_word' id='word_1_296' title='bbox 1378 3407 1439 3468; x_wconf 81' lang='grc' dir='ltr'><strong><em>τοῦ</em></strong></span> 
     </span>
     <span class='ocr_line' id='line_1_37' title="bbox 270 3485 1439 3582; baseline -0.002 -28"><span class='ocrx_word' id='word_1_297' title='bbox 270 3487 468 3575; x_wconf 78' lang='grc' dir='ltr'><strong><em>κιθαρῳδοῦ,</em></strong></span> <span class='ocrx_word' id='word_1_298' title='bbox 494 3487 597 3552; x_wconf 85' lang='grc' dir='ltr'><strong><em>θέλων</em></strong></span> <span class='ocrx_word' id='word_1_299' title='bbox 616 3486 678 3582; x_wconf 68' lang='grc' dir='ltr'><strong><em>σίιρδ</em></strong></span> <span class='ocrx_word' id='word_1_300' title='bbox 699 3493 754 3569; x_wconf 79' lang='grc' dir='ltr'><strong><em>τῆς</em></strong></span> <span class='ocrx_word' id='word_1_301' title='bbox 773 3495 835 3556; x_wconf 82' lang='grc' dir='ltr'><strong><em>τῶν</em></strong></span> <span class='ocrx_word' id='word_1_302' title='bbox 861 3485 1062 3573; x_wconf 69' lang='grc' dir='ltr'><strong><em>δηλωθέντων</em></strong></span> <span class='ocrx_word' id='word_1_303' title='bbox 1086 3488 1264 3574; x_wconf 84' lang='grc' dir='ltr'><strong><em>μοχθηρίας</em></strong></span> <span class='ocrx_word' id='word_1_304' title='bbox 1288 3488 1340 3552; x_wconf 81' lang='grc' dir='ltr'><strong><em>καί</em></strong></span> <span class='ocrx_word' id='word_1_305' title='bbox 1366 3489 1439 3572; x_wconf 73' lang='grc' dir='ltr'><strong><em>περὶ</em></strong></span> 
     </span>
     <span class='ocr_line' id='line_1_38' title="bbox 269 3568 1438 3662; baseline -0.003 -21"><span class='ocrx_word' id='word_1_306' title='bbox 269 3572 310 3641; x_wconf 81' lang='grc' dir='ltr'><strong><em>τό</em></strong></span> <span class='ocrx_word' id='word_1_307' title='bbox 332 3577 442 3662; x_wconf 87' lang='grc' dir='ltr'><strong><em>φαύλα</em></strong></span> <span class='ocrx_word' id='word_1_308' title='bbox 467 3574 597 3656; x_wconf 83' lang='grc' dir='ltr'><strong><em>λιχνείας</em></strong></span> <span class='ocrx_word' id='word_1_309' title='bbox 627 3574 794 3660; x_wconf 71' lang='grc' dir='ltr'><strong><em>ἐμφανίσαι</em></strong></span> <span class='ocrx_word' id='word_1_310' title='bbox 814 3572 951 3657; x_wconf 78' lang='grc' dir='ltr'><strong><em>τὴντῶν</em></strong></span> <span class='ocrx_word' id='word_1_311' title='bbox 971 3568 1197 3640; x_wconf 77' lang='grc' dir='ltr'><strong><em>παιδευσάντων</em></strong></span> <span class='ocrx_word' id='word_1_312' title='bbox 1224 3572 1438 3637; x_wconf 84' lang='grc' dir='ltr'><strong><em>διδασκαλίαν.</em></strong></span> 
     </span>
     <span class='ocr_line' id='line_1_39' title="bbox 269 3655 1528 3748; baseline -0.003 -22"><span class='ocrx_word' id='word_1_313' title='bbox 269 3661 369 3745; x_wconf 89' lang='lat' dir='ltr'>itaque</span> <span class='ocrx_word' id='word_1_314' title='bbox 388 3679 451 3724; x_wconf 88' lang='lat' dir='ltr'><strong><em>eum</em></strong></span> <span class='ocrx_word' id='word_1_315' title='bbox 487 3659 578 3723; x_wconf 86' lang='lat' dir='ltr'>ariter</span> <span class='ocrx_word' id='word_1_316' title='bbox 595 3666 681 3744; x_wconf 79' lang='lat' dir='ltr'>atque</span> <span class='ocrx_word' id='word_1_317' title='bbox 696 3659 892 3748; x_wconf 79' lang='lat' dir='ltr'>Ariphrades,</span> <span class='ocrx_word' id='word_1_318' title='bbox 910 3660 996 3726; x_wconf 88' lang='lat' dir='ltr'>homo</span> <span class='ocrx_word' id='word_1_319' title='bbox 1014 3657 1243 3740; x_wconf 75' lang='lat' dir='ltr'>abiectissimus,</span> <span class='ocrx_word' id='word_1_320' title='bbox 1261 3678 1302 3722; x_wconf 84' lang='lat' dir='ltr'><strong><em>ex</em></strong></span> <span class='ocrx_word' id='word_1_321' title='bbox 1312 3655 1439 3722; x_wconf 67' lang='grc' dir='ltr'><strong><em>Λυσισ-</em></strong></span> <span class='ocrx_word' id='word_1_322' title='bbox 1527 3671 1528 3689; x_wconf 72' lang='lat'><em>²</em></span> 
     </span>
     <span class='ocr_line' id='line_1_40' title="bbox 312 3678 1438 3834; baseline 0 -26"><span class='ocrx_word' id='word_1_323' title='bbox 312 3767 364 3810; x_wconf 90' lang='lat' dir='ltr'><strong><em>rae</em></strong></span> <span class='ocrx_word' id='word_1_324' title='bbox 373 3678 530 3832; x_wconf 77' lang='lat' dir='ltr'>disciplina</span> <span class='ocrx_word' id='word_1_325' title='bbox 545 3743 694 3831; x_wconf 83' lang='lat' dir='ltr'>profectus</span> <span class='ocrx_word' id='word_1_326' title='bbox 713 3767 781 3810; x_wconf 90' lang='lat' dir='ltr'>esse</span> <span class='ocrx_word' id='word_1_327' title='bbox 792 3744 991 3834; x_wconf 70' lang='lat' dir='ltr'>perhibeatur,</span> <span class='ocrx_word' id='word_1_328' title='bbox 1005 3743 1134 3810; x_wconf 86' lang='lat' dir='ltr'>moribus</span> <span class='ocrx_word' id='word_1_329' title='bbox 1145 3763 1206 3808; x_wconf 91' lang='lat' dir='ltr'><strong><em>nou</em></strong></span> <span class='ocrx_word' id='word_1_330' title='bbox 1217 3763 1291 3810; x_wconf 80' lang='lat' dir='ltr'>sune</span> <span class='ocrx_word' id='word_1_331' title='bbox 1307 3741 1438 3808; x_wconf 82' lang='lat' dir='ltr'>dissimi-</span> 
     </span>
     <span class='ocr_line' id='line_1_41' title="bbox 268 3767 1437 3926; baseline -0.001 -31"><span class='ocrx_word' id='word_1_332' title='bbox 268 3767 347 3896; x_wconf 78' lang='lat' dir='ltr'>llus</span> <span class='ocrx_word' id='word_1_333' title='bbox 368 3829 488 3898; x_wconf 66' lang='lat' dir='ltr'>utera</span> <span class='ocrx_word' id='word_1_334' title='bbox 503 3829 612 3894; x_wconf 82' lang='lat' dir='ltr'>fuisse:</span> <span class='ocrx_word' id='word_1_335' title='bbox 639 3851 741 3895; x_wconf 88' lang='lat' dir='ltr'>verum</span> <span class='ocrx_word' id='word_1_336' title='bbox 763 3829 800 3896; x_wconf 77' lang='lat' dir='ltr'><strong><em>ule</em></strong></span> <span class='ocrx_word' id='word_1_337' title='bbox 819 3829 989 3918; x_wconf 80' lang='lat' dir='ltr'>Ariphrade</span> <span class='ocrx_word' id='word_1_338' title='bbox 1015 3827 1128 3895; x_wconf 78' lang='lat' dir='ltr'>dicetur</span> <span class='ocrx_word' id='word_1_339' title='bbox 1146 3827 1242 3908; x_wconf 81' lang='lat' dir='ltr'>infre3</span> <span class='ocrx_word' id='word_1_340' title='bbox 1263 3847 1437 3926; x_wconf 61' lang='lat' dir='ltr'>quemqueen</span> 
     </span>
     <span class='ocr_line' id='line_1_42' title="bbox 268 3913 1437 4002; baseline -0.002 -23"><span class='ocrx_word' id='word_1_341' title='bbox 268 3914 437 3980; x_wconf 71' lang='lat' dir='ltr'>Aeschines</span> <span class='ocrx_word' id='word_1_342' title='bbox 458 3915 490 3980; x_wconf 88' lang='lat' dir='ltr'><strong><em>in</em></strong></span> <span class='ocrx_word' id='word_1_343' title='bbox 510 3913 677 3982; x_wconf 88' lang='lat' dir='ltr'>Philoxeno</span> <span class='ocrx_word' id='word_1_344' title='bbox 697 3915 815 3981; x_wconf 80' lang='lat' dir='ltr'>videbor</span> <span class='ocrx_word' id='word_1_345' title='bbox 833 3915 930 4002; x_wconf 84' lang='lat' dir='ltr'>magis</span> <span class='ocrx_word' id='word_1_346' title='bbox 957 3915 1045 3980; x_wconf 88' lang='lat' dir='ltr'>etiam</span> <span class='ocrx_word' id='word_1_347' title='bbox 1067 3913 1254 4001; x_wconf 79' lang='lat' dir='ltr'>gulositatem</span> <span class='ocrx_word' id='word_1_348' title='bbox 1274 3918 1437 3978; x_wconf 84' lang='lat' dir='ltr'>uotavrsse.</span> 
     </span>
     <span class='ocr_line' id='line_1_43' title="bbox 269 3997 1435 4090; baseline -0.002 -26"><span class='ocrx_word' id='word_1_349' title='bbox 269 3997 369 4064; x_wconf 83' lang='lat' dir='ltr'>Huius</span> <span class='ocrx_word' id='word_1_350' title='bbox 385 3999 463 4064; x_wconf 88' lang='lat' dir='ltr'>euim</span> <span class='ocrx_word' id='word_1_351' title='bbox 476 3998 638 4066; x_wconf 81' lang='lat' dir='ltr'>Philoxeni</span> <span class='ocrx_word' id='word_1_352' title='bbox 650 3999 837 4090; x_wconf 76' lang='lat' dir='ltr'>gulositatem</span> <span class='ocrx_word' id='word_1_353' title='bbox 849 4001 909 4066; x_wconf 89' lang='lat' dir='ltr'>insi</span> <span class='ocrx_word' id='word_1_354' title='bbox 953 4021 999 4067; x_wconf 89' lang='lat' dir='ltr'><strong><em>em</em></strong></span> <span class='ocrx_word' id='word_1_355' title='bbox 1017 3998 1112 4064; x_wconf 87' lang='lat' dir='ltr'>fuisse</span> <span class='ocrx_word' id='word_1_356' title='bbox 1130 3997 1302 4064; x_wconf 85' lang='lat' dir='ltr'>documento</span> <span class='ocrx_word' id='word_1_357' title='bbox 1317 4008 1388 4062; x_wconf 88' lang='lat' dir='ltr'>suut</span> <span class='ocrx_word' id='word_1_358' title='bbox 1398 4017 1435 4062; x_wconf 89' lang='lat' dir='ltr'><strong><em>ea</em></strong></span> 
     </span>
     <span class='ocr_line' id='line_1_44' title="bbox 269 4079 1434 4172; baseline -0.003 -24"><span class='ocrx_word' id='word_1_359' title='bbox 269 4104 344 4170; x_wconf 87' lang='lat' dir='ltr'>quae</span> <span class='ocrx_word' id='word_1_360' title='bbox 365 4083 586 4172; x_wconf 82' lang='lat' dir='ltr'>exTheopbilo</span> <span class='ocrx_word' id='word_1_361' title='bbox 607 4085 696 4152; x_wconf 88' lang='lat' dir='ltr'>affert</span> <span class='ocrx_word' id='word_1_362' title='bbox 715 4087 889 4152; x_wconf 82' lang='lat' dir='ltr'>Athenaeus</span> <span class='ocrx_word' id='word_1_363' title='bbox 926 4135 934 4151; x_wconf 89' lang='lat'>.</span> <span class='ocrx_word' id='word_1_364' title='bbox 977 4081 1071 4150; x_wconf 73' lang='lat'><em>,6132</em></span> <span class='ocrx_word' id='word_1_365' title='bbox 1096 4079 1247 4168; x_wconf 80' lang='grc' dir='ltr'><strong><em>Θεόφιλος</em></strong></span> <span class='ocrx_word' id='word_1_366' title='bbox 1267 4081 1305 4146; x_wconf 78' lang='grc' dir='ltr'><strong><em>δέ</em></strong></span> <span class='ocrx_word' id='word_1_367' title='bbox 1323 4101 1434 4168; x_wconf 84' lang='grc' dir='ltr'><strong><em>φησιν·</em></strong></span> 
     </span>
     <span class='ocr_line' id='line_1_45' title="bbox 273 4106 1434 4260; baseline -0.003 -28"><span class='ocrx_word' id='word_1_368' title='bbox 273 4166 341 4249; x_wconf 82' lang='grc' dir='ltr'><strong><em>Ούχ</em></strong></span> <span class='ocrx_word' id='word_1_369' title='bbox 361 4165 462 4253; x_wconf 80' lang='grc' dir='ltr'><strong><em>ὥσπερ</em></strong></span> <span class='ocrx_word' id='word_1_370' title='bbox 487 4166 650 4246; x_wconf 78' lang='grc' dir='ltr'><strong><em>Φιλόξενον</em></strong></span> <span class='ocrx_word' id='word_1_371' title='bbox 675 4169 729 4236; x_wconf 86' lang='grc' dir='ltr'><strong><em>τδν</em></strong></span> <span class='ocrx_word' id='word_1_372' title='bbox 744 4166 917 4255; x_wconf 78' lang='grc' dir='ltr'><strong><em>Ἐρύξιδος·</em></strong></span> <span class='ocrx_word' id='word_1_373' title='bbox 946 4106 1057 4242; x_wconf 69' lang='grc' dir='ltr'><strong><em>ίλεῖνος</em></strong></span> <span class='ocrx_word' id='word_1_374' title='bbox 1077 4163 1153 4253; x_wconf 80' lang='grc' dir='ltr'><strong><em>γάρ,</em></strong></span> <span class='ocrx_word' id='word_1_375' title='bbox 1174 4163 1219 4260; x_wconf 78' lang='grc' dir='ltr'><strong><em>ὥς</em></strong></span> <span class='ocrx_word' id='word_1_376' title='bbox 1236 4164 1345 4244; x_wconf 79' lang='grc' dir='ltr'><strong><em>έοικεν,</em></strong></span> <span class='ocrx_word' id='word_1_377' title='bbox 1367 4167 1434 4231; x_wconf 71' lang='lat' dir='ltr'><strong><em>luc-</em></strong></span> 
     </span>
     <span class='ocr_line' id='line_1_46' title="bbox 267 4247 1434 4362; baseline -0.002 -47"><span class='ocrx_word' id='word_1_378' title='bbox 267 4247 462 4338; x_wconf 79' lang='grc' dir='ltr'><strong><em>μεμφόμενος</em></strong></span> <span class='ocrx_word' id='word_1_379' title='bbox 482 4253 539 4338; x_wconf 88' lang='grc' dir='ltr'><strong><em>τὴν</em></strong></span> <span class='ocrx_word' id='word_1_380' title='bbox 558 4253 652 4342; x_wconf 91' lang='grc' dir='ltr'><strong><em>φύσιν</em></strong></span> <span class='ocrx_word' id='word_1_381' title='bbox 671 4257 713 4332; x_wconf 82' lang='grc' dir='ltr'><strong><em>είς</em></strong></span> <span class='ocrx_word' id='word_1_382' title='bbox 733 4254 788 4338; x_wconf 80' lang='grc' dir='ltr'><strong><em>τὴν</em></strong></span> <span class='ocrx_word' id='word_1_383' title='bbox 808 4250 978 4319; x_wconf 82' lang='grc' dir='ltr'><strong><em>ἀπόλαυσιν</em></strong></span> <span class='ocrx_word' id='word_1_384' title='bbox 998 4249 1114 4336; x_wconf 82' lang='grc' dir='ltr'><strong><em>ηύξατό</em></strong></span> <span class='ocrx_word' id='word_1_385' title='bbox 1135 4277 1208 4318; x_wconf 82' lang='grc' dir='ltr'><strong><em>ποτε</em></strong></span> <span class='ocrx_word' id='word_1_386' title='bbox 1229 4249 1357 4362; x_wconf 77' lang='grc' dir='ltr'><strong><em>γεράνου</em></strong></span> <span class='ocrx_word' id='word_1_387' title='bbox 1377 4249 1434 4333; x_wconf 79' lang='grc' dir='ltr'><strong><em>τὴν</em></strong></span> 
     </span>
     <span class='ocr_line' id='line_1_47' title="bbox 267 4333 1433 4513; baseline -0.003 -25"><span class='ocrx_word' id='word_1_388' title='bbox 267 4333 538 4512; x_wconf 69' lang='lat' dir='ltr'>eleetos</span> <span class='ocrx_word' id='word_1_389' title='bbox 560 4337 743 4506; x_wconf 52' lang='lat' dir='ltr'>torol</span> <span class='ocrx_word' id='word_1_390' title='bbox 757 4333 1433 4513; x_wconf 56' lang='lat' dir='ltr'>substentesenolto:</span> 
     </span>
    </p>
   </div>
   <div class='ocr_carea' id='block_1_5' title="bbox 0 0 1552 5062">
    <p class='ocr_par' dir='ltr' id='par_1_24' title="bbox 0 0 1552 5062">
     <span class='ocr_line' id='line_1_48' title="bbox 0 0 1552 5062; baseline 0 4"><span class='ocrx_word' id='word_1_391' title='bbox 0 0 1552 5062; x_wconf 95' lang='lat' dir='ltr'><strong><em> </em></strong></span> 
     </span>
    </p>
   </div>
  </div>
 </body>
</html>
