3096 5062
327 341 387 412 ua
410 341 552 420 anuo.
573 341 760 414 oououn.
779 341 885 411 sur.
905 343 1051 420 aomo.
1199 313 1264 412 eoi

107 509 252 580 Cratinus
277 511 371 600 igitur
395 511 508 578 ludicra
526 511 579 576 illa
599 519 630 576 et
648 511 771 576 ioculari
792 510 960 594 aomoedia,
985 531 1059 598 qnae
1080 518 1149 577 ante
1168 511 1269 580 floruit

105 597 138 660 in
158 596 279 679 Attica,
305 605 420 686 spreta,
446 597 534 662 altius
554 597 673 662 sustulit
692 605 785 662 artem
806 605 891 682 atque
912 617 1026 662 ornnem
1047 617 1145 662 rerum
1165 598 1269 663 huma·

103 701 212 746 narum
239 689 269 746 et
295 683 459 747 divinarum
487 681 547 748 vim
573 688 603 746 et
628 682 771 746 infinitam
797 701 891 770 paene
923 681 1072 746 materiam
1099 683 1268 770 complexus

103 772 169 848 est,
200 787 287 852 quam
314 769 346 832 in
371 766 480 832 lahulis
501 767 585 852 quasi
605 768 659 832 suh
686 765 822 830 iodicium
850 765 984 831 mitteret.
1027 763 1133 830 Crates
1160 773 1267 850 autem,

102 852 154 934 qui
176 873 290 938 magna
310 859 375 918 erat
394 873 505 916 morum
526 851 657 933 lenitate,
678 851 770 916 ardua
790 851 842 915 illa
862 857 891 914 et
906 849 1032 933 difficili,
1057 869 1142 935 quam
1162 873 1268 940 apern-
1378 925 1381 932 Δ

102 942 171 1000 erat
192 943 224 1000 et
244 938 389 1002 munierat
409 935 561 1018 Cratinus,
581 937 630 1000 via
650 935 762 1016 relicta,
782 936 881 1000 tritum
902 937 999 1023 magis
1020 941 1050 1000 et
1064 934 1190 1023 vulgare
1209 937 1268 1001 iter

100 1027 225 1084 secutus
252 1029 312 1086 est:
343 1021 541 1107 nequeenim
568 1021 714 1085 sustinere
739 1021 849 1108 potnit,
881 1027 962 1086 tana
987 1020 1049 1084 oris
1075 1021 1211 1084 libertate
1238 1027 1268 1086 et

101 1105 231 1170 andusia
257 1107 462 1255 perstringere
486 1105 584 1170 omnia
613 1113 698 1192 atque
725 1127 861 1170 censere:
891 1111 921 1170 et
946 1104 1113 1193 desperavit
1138 1105 1267 1170 fortasse

99 1209 136 1252 aa
159 1211 257 1274 aequa
269 1213 301 1256 es
323 1194 447 1256 comicos
460 1197 520 1260 ,aut
539 1211 679 1280 superare
700 1197 750 1254 ant
770 1209 896 1276 aequare
916 1210 1013 1277 posse.
1036 1189 1134 1263 Quare
1147 1187 1266 1272 Cratero,
1387 1215 1398 1240 ·

101 1274 161 1338 etsi
184 1273 283 1339 serius
304 1276 342 1341 ad
362 1275 478 1340 fabulas
500 1275 670 1339 scribendas
691 1275 819 1340 animum
840 1273 987 1375 applicuit,
1009 1295 1093 1359 qnam
1115 1271 1267 1356 Cratinus,

99 1359 226 1446 propius
248 1366 345 1424 amon
367 1359 404 1424 ad
425 1360 618 1444 antiquiorum
634 1365 785 1448 poetarum
806 1359 1023 1424 simitudinem
1045 1361 1177 1424 accessit.
1197 1360 1268 1424 Nou

100 1455 204 1508 tamen
233 1444 313 1509 exile
338 1443 411 1510 illud
431 1451 468 1512 ⁴et
492 1443 634 1532 frigidum
665 1445 782 1508 iocandi
816 1466 928 1532 genos,
960 1464 1016 1528 qno
1041 1444 1156 1530 priores
1183 1450 1270 1510 erant

100 1527 438 1678 ltilttdttti
455 1529 973 1679 tddt'ttlddd0‘ttttt
982 1529 1183 1678 slillllll
1200 1530 1269 1679 til

100 1697 205 1762 tenuia
227 1698 395 1786 plerumque
416 1705 447 1762 et
472 1698 550 1763 levia
576 1699 712 1762 hactadt
732 1704 922 1785 argumenta,
950 1634 1048 1761 tamgdn
1076 1634 1131 1785 plo
1150 1633 1267 1785 iulenii

100 1783 238 1848 ubertate
265 1789 295 1847 et
320 1783 514 1864 dexteritate,
547 1782 693 1869 singulari
718 1782 819 1870 lepore
846 1789 876 1846 et
901 1781 999 1869 gratia
1029 1781 1082 1845 illa
1112 1784 1269 1848 exornavit

100 1888 271 1953 magnaque
301 1876 365 1931 arte
392 1866 508 1932 fabulas
538 1867 708 1956 perpolivit,
741 1875 773 1932 nt
800 1865 906 1954 populo
931 1865 1111 1930 Atheniensi
1140 1867 1268 1932 maxime

56 1967 58 1972 '
101 1951 233 2021 omnium
258 1953 441 2039 probaretur.
477 1952 580 2036 Neque
608 1951 771 2016 mirandum
792 1958 840 2014 est
860 1949 1009 2016 Cretatam
1035 1950 1114 2014 iuter
1139 1971 1267 2016 summos

102 2043 208 2126 poetas
226 2035 389 2100 locnmsibi
403 2036 566 2124 aperuisse,
587 2036 768 2123 egregieque
779 2033 1013 2100 Atheniensibus
1045 2033 1181 2117 lacoisse,
1203 2057 1268 2102 enm

101 2132 134 2185 et
154 2119 200 2184 illi
222 2119 297 2184 nihil
317 2141 344 2184 m
389 2121 413 2184 's
426 2120 640 2186 admirarentur
654 2139 825 2206 qoamqnae
846 2127 948 2184 esseut
967 2055 1065 2208 lepida
1077 2126 1116 2184 oet
1131 2127 1267 2202 venusta,

101 2212 133 2270 et
149 2203 282 2272 Cratetis
303 2141 421 2268 &boppo
442 2205 538 2270 minus
558 2203 732 2270 recederent
751 2205 932 2295 abantiquo
950 2211 981 2268 et
1000 2204 1134 2293 populari
1153 2225 1268 2270 comoe-

100 2289 218 2355 diarum
246 2289 471 2372 consnetndine,
499 2290 541 2352 ita
567 2296 599 2353 nt
625 2289 662 2354 ad
682 2289 767 2376 vulgi
793 2311 829 2354 ca
848 2296 907 2354 tum
933 2296 1035 2356 essent
1060 2289 1149 2354 multo
1170 2290 1269 2390 magis

100 2374 354 2455 accommodatae,
381 2395 467 2459 quam
489 2373 620 2455 Cratini,
651 2377 700 2460 qni
726 2395 790 2438 enm
816 2311 943 2462 plurima
968 2375 1139 2439 notavisset
1165 2381 1196 2438 et
1222 2397 1268 2440 un·

101 2461 220 2606 sipnem
243 2459 425 2559 dignitatem·
439 2459 669 2560 grapitntemque
690 2459 908 2558 conciliavisset
936 2459 1124 2560 comoediae,
1151 2461 1269 2560 paucio·

100 2565 126 2608 rr
150 2565 184 2608 us
207 2544 261 2610 sed
292 2544 527 2632 prudentissimis
555 2545 692 2631 probatus
712 2544 839 2608 videtur.
881 2542 943 2608 Sed
965 2542 1095 2608 Cratetis
1115 2566 1269 2631 mgemum

100 2629 326 2713 tabularumque
347 2629 474 2717 speciem
494 2629 705 2716 Aristophanis
726 2629 759 2691 in
779 2627 882 2692 eadem
901 2629 1041 2715 parabasi
1061 2629 1205 2693 illustrat:

190 2738 269 2813 Ολάς
291 2736 325 2800 δέ
343 2731 470 2820 Κράτης
491 2761 585 2820 οργας
605 2761 692 2817 υμων
712 2735 851 2820 ήνὲσχετσ
873 2737 923 2799 καλ
946 2734 1184 2824 στυφελιγμούς,

176 2821 238 2898 Ὃς
260 2820 320 2884 ἀπὸ
342 2827 472 2904 σμικρᾶς
493 2817 631 2903 δαπάνης
651 2817 732 2901 ἀμάς
754 2819 914 2906 ἀριστίζων
934 2815 1099 2902 ἀπέπεμπε,

180 2905 259 2972 Ἀπὸ
281 2901 497 2990 κραμβοτάτου
520 2901 673 2986 στόματος
692 2901 817 2988 μάττων
837 2900 1035 2982 ἀστειοτάτας
1054 2905 1200 2982 ἐπινοίας.

184 2981 314 3068 Χοάτος
339 2989 443 3071 μίντοι
471 2985 566 3072 μόνος
592 2989 745 3076 ἀντήρκει,
787 2990 857 3054 τοτὲ
881 2989 1096 3136 μένῒνήίπτων,
1138 2990 1208 3056 τοτὲ
1235 2987 1266 3056 δ’

917 3097 995 3157 ουχ.

101 3159 284 3252 lepidissime
306 3159 395 3308 lepidi
415 3165 519 3248 poetae
540 3179 637 3223 mores
659 3159 751 3224 oeulis
772 3157 948 3224 subiiciens:
970 3159 1048 3224 idem
1068 3161 1101 3224 in
1122 3159 1270 3225 Thesmo-

119 3246 288 3312 horiazusis
309 3245 324 3309 l

101 3266 179 3396 licet
201 3331 267 3396 eius
289 3337 430 3410 aetatem,
458 3350 515 3416 qna
541 3335 707 3416 spectantes
729 3329 811 3395 miris
833 3329 1005 3415 quibusdam
1030 3336 1061 3398 et
1081 3351 1170 3422 saepe

102 3416 206 3481 facetis
231 3415 304 3479 iocis
327 3415 399 3478 satis
420 3413 532 3478 fuerint
552 3413 695 3478 contenti:
1022 3473 1025 3493 ,

179 3509 230 3581 Ἦ
245 3514 323 3599 μίγα
344 3539 372 3579 τι
393 3512 499 3598 βρῶμ’
524 3515 605 3580 ἐστίν
625 3509 644 3597 ή
666 3495 1019 3600 τρυγῳδοποιομουσική
1100 3579 1104 3590 ,

183 3598 294 3668 Ἡνίκα
315 3595 458 3706 Κράτήτί
476 3622 508 3664 τε
529 3595 653 3682 τάριχος
675 3597 868 3689 ἐλεφάντινον

187 3683 350 3767 Λαμπρὸν
371 3683 504 3764 ίκομιζεν
525 3681 645 3762 ἀπόνως
665 3681 947 3771 παραβεβλημένον,

180 3769 279 3838 ’Allo
300 3793 331 3834 τε
353 3767 477 3834 τοιαῦθ’
501 3767 588 3852 ἕτερα
609 3769 698 3854 μυρί’
723 3771 893 3852 ἐκιχλίζετο.

105 3876 183 3944 Snnt
202 3881 277 3948 haee
298 3901 338 3944 ex
358 3877 480 3968 stropha
501 3876 550 3942 vel
569 3878 752 3966 antistropha
772 3878 926 3966 parabatis
944 3877 1050 3966 petita,
1070 3877 1102 3942 in
1123 3897 1181 3962 qua
1196 3874 1269 3942 Arl-

105 3965 391 4052 stophanesvidetur
411 3970 572 4028 ceterorum
594 3963 767 4028 comicorum
789 3963 887 4030 studia
907 3969 938 4027 et
957 3963 1100 4026 rationem
1122 3960 1269 4048 attigisse,

105 4054 270 4199 maha
286 4049 431 4202 (ἔρρωντο
452 4047 647 4114 abhorrerent
666 4048 775 4140 poesis,
796 4047 1033 4174 reprehendisse,
1054 4045 1122 4114 llar
1142 4045 1271 4135 pertinet

189 4229 282 4313 Μήτι
303 4229 438 4310 Morinos
459 4231 621 4298 ἀνακαλεῖν
640 4229 921 4316 ἑλικσβοστράχοας,

190 4315 281 4401 Μήτι
300 4313 429 4400 χάριτας
448 4323 528 4397 βοᾶν
541 4321 591 4394 ele
609 4315 703 4401 χορὸν
720 4317 906 4399 Ὀλυμπίας·

186 4397 323 4468 ’hveme
342 4400 402 4490 γάρ
422 4404 513 4482 τίσιν,
533 4399 577 4480 ἀς
597 4401 728 4488 proavi
751 4397 946 4478 διδάσκαλος.

361 3243 414 3308 Fr.
431 3243 504 3312 XIV
523 3241 672 3310 Cratetem
694 3244 735 3310 ita
755 3251 975 3326 commemorat,
996 3252 1028 3308 ut
1048 3244 1165 3310 felicem
1184 3267 1272 3396 ffi
