3004 5048
241 349 306 420 M
638 345 1039 428 coomfflouATIoNus

242 519 330 586 etiam
354 538 454 584 rerum
475 517 603 584 onmium
634 518 718 607 copia
743 523 774 583 et
794 515 973 584 abundantia
992 536 1048 582 usa
1068 521 1131 602 est,
1161 515 1407 604 cooperiam

241 605 349 670 robore
369 604 497 668 maxime
517 601 648 690 insignis
669 608 748 668 erat:
779 603 831 668 red
852 609 935 692 post,
956 601 1007 666 ubi
1028 623 1046 666 ε
1067 600 1187 666 deorum
1207 603 1355 668 consortio
1373 624 1406 672 so

241 689 426 776 segregavit,
449 687 577 776 aprisoa
596 688 705 776 pietate
717 688 850 770 desciuit,
870 687 929 752 iam
943 686 1113 786 simplicitas
1125 685 1222 750 idaim
1242 687 1407 774 superbiam

241 794 385 838 conversa
412 786 458 838 est
479 772 625 858 animique
651 773 764 860 pariter
792 780 877 857 atque
901 793 1033 860 corporrs
1058 772 1172 836 nimbus
1199 771 1405 839 abutebantur:

240 859 338 944 itaque
360 857 459 922 divina
479 855 597 922 tandem
617 857 803 946 providentia
822 857 963 938 institerit,
990 857 1107 946 penitus
1128 862 1161 920 ut
1181 858 1407 946 exstingueren-

240 949 289 1008 tur
309 948 340 1007 et
360 949 585 1007 evanescerent:
615 963 705 1028 quare
726 943 814 1007 etiam
836 942 983 1006 recentior
1002 942 1082 1006 fama
1103 939 1198 1028 Cyclo
1218 963 1251 1006 as
1273 951 1407 1028 tanquam

240 1027 381 1093 efferatos
413 1033 444 1092 et
469 1028 509 1092 im
529 1027 575 1092 ios
606 1027 741 1092 homines
769 1027 905 1108 exhibet,
946 1033 979 1091 ut
1007 1034 1054 1090 est
1079 1025 1155 1114 apud
1215 1047 1344 1092 omerum
1374 1026 1408 1092 iu

127 1111 129 1124 '
180 1167 183 1172 ,
240 1112 378 1198 Odyssea
387 1110 476 1177 IX.1
521 1133 723 1199 ,quamquam
744 1112 786 1176 ihi
796 1132 908 1197 quoque
929 1111 1065 1196 antiquae
1086 1110 1244 1176 memoriae
1266 1111 1407 1198 quaedam

238 1197 374 1347 vesqliiqiat
394 1203 568 1286 supersunt,
594 1197 638 1262 uti
663 1197 737 1263 illud
758 1197 835 1283 quod
861 1204 942 1261 terra
968 1195 1067 1262 omnia
1091 1215 1147 1261 sua
1172 1203 1277 1286 sponte
1298 1195 1407 1264 efferre

258 1303 292 1347 er
344 1303 423 1346 eur:

237 1303 257 1370 P
321 1361 504 1431 Κυκλώπων
524 1362 557 1429 d'
581 1365 612 1442 ἐς
632 1373 721 1450 γαῖαν
741 1360 939 1450 ὑπερφιάλων
959 1361 1144 1447 ἀθεμίστων,

317 1446 470 1558 ςΙκνόμεθζ
500 1451 532 1558 q‘t'
551 1447 592 1536 ῥα
613 1455 731 1514 θεοῖσιν
751 1447 931 1557 πεπογθότενς
944 1446 1165 1558 ,adoptantem

317 1537 410 1684 iiiii
426 1537 739 1706 tttt't‘tdtt't
753 1559 1182 1706 tttttttrtttttt,

319 1707 424 1788 Hopot
445 1707 496 1769 uod
517 1707 625 1788 κριθαί
646 1702 698 1788 η’ὁ’
723 1700 868 1786 ἄμπελοι,
892 1704 957 1768 αῖτε
977 1704 1125 1790 φέρουσιν

324 1786 416 1854 Οἶνον
436 1788 648 1874 ἐριστάφυλον,
671 1789 725 1854 καί
743 1813 818 1875 σφιν
838 1787 916 1865 Διὸς
937 1787 1054 1874 ὄμβρος
1075 1789 1169 1865 ἀέξει·

321 1879 430 1939 Τοῖσιν
456 1874 487 1938 θ’
512 1873 580 1940 or’ir'
603 1873 715 1960 ciyopoi
737 1870 929 1959 βουληφόροι
961 1873 1029 1939 odra
1050 1874 1203 1956 θέμιστες,

314 1955 398 2024 Ἀλλ’
422 1961 454 2024 οἵ
471 1957 502 2044 γ’
526 1956 658 2042 ῶφηλῶν
679 1957 774 2045 ὁρίων
793 1959 912 2024 ναίουσι
932 1955 1051 2046 κάρηνα

316 2041 374 2108 Ἕν
394 2045 502 2110 σπίσσι
523 2049 723 2130 γλαφυροῖσι·
745 2040 917 2126 θεμιστεύει
939 2045 973 2108 δὲ
994 2046 1121 2120 ἕκαστος

318 2131 449 2194 Παίδων
470 2128 523 2212 ἠδ’
546 2126 682 2212 ἀλόχων,
711 2127 780 2193 οὐδ’
804 2125 945 2211 ἀλλήλοιν
965 2128 1133 2213 ἀλέγουσιν.

234 2210 296 2281 Sed
307 2211 431 2302 Eupolis
442 2235 498 2300 quo
519 2215 605 2279 modo
627 2215 683 2279 hac
703 2213 804 2278 fabula
825 2235 896 2278 usus
913 2213 953 2278 sit
973 2214 1011 2280 ad
1031 2213 1209 2302 propositam
1230 2212 1407 2280 senteutiam

234 2297 490 2380 conformandam,
517 2299 587 2362 nolo
614 2299 778 2362 accuratius
798 2299 956 2387 persequi3
982 2298 1056 2364 illud
1077 2299 1169 2380 addo,
1196 2298 1270 2364 alios
1312 2320 1330 2362 u
1370 2321 1408 2364 ue

234 2381 360 2446 comicos
380 2390 483 2470 poetas
505 2382 628 2448 eundem
648 2382 707 2448 ima
731 2382 738 2397 '
762 2403 809 2446 em
830 2383 1012 2466 exhibuisse,
1033 2383 1077 2448 uti
1098 2381 1225 2450 Calliam
1245 2384 1278 2448 iu
1292 2319 1345 2472 dy
1373 2405 1407 2448 o·

232 2467 335 2556 pibus,
355 2466 388 2531 in
410 2466 674 2555 Chirogastoribus
693 2403 917 2554 diiddphontcm.
1491 2549 1492 2562 ἶ

318 2551 403 2639 Egre
428 2554 486 2618 'um
513 2553 559 2618 ele
582 2551 765 2617 antissimum
785 2575 822 2616 ue
847 2551 1002 2642 Eupolidis
1028 2553 1077 2620 fra
1129 2559 1227 2622 cutum
1254 2557 1302 2620 est
1324 2551 1408 2642 apud
1491 2587 1492 2592 ι

232 2573 437 2704 supremi
461 2685 468 2702 .
490 2657 519 2749 p.
540 2573 592 2716 3i,
614 2637 691 2724 quod
712 2573 827 2724 quidem
844 2639 886 2704 ita
906 2639 1072 2705 constitoeu
1092 2661 1141 2706 um
1161 2644 1244 2726 estc,
1483 2669 1487 2682 ·

311 2719 398 2786 Ἀλλ’
422 2719 558 2799 ἄκουετ’,
585 2713 611 2786 ῶ
632 2724 759 2799 θεαταί,
780 2721 865 2804 τοῖμιλ
885 2725 935 2787 aui
958 2725 1068 2800 ξυνίετε

311 2801 460 2889 Ῥήμαθ·
486 2805 563 2872 εὐθεῖ
584 2806 644 2894 γὰρ
666 2806 743 2890 πρὸς
762 2802 987 2893 ὕμῖιςπρῶτον
1008 2807 1088 2874 σἰπολ
1125 2804 1249 2892 ήσομαι,

308 2885 350 2956 Ὅ
370 2916 399 2956 τι
420 2889 576 2973 μαθόντες
595 2892 668 2968 τοὺς
688 2891 791 2968 ξίνους
811 2892 867 2972 μὲν
887 2893 984 2978 atym
1006 2831 1135 2978 ποιητῶς
1155 2887 1282 2978 σοφοῖς,

307 2973 369 3040 Ἢν
389 2976 426 3041 ὀί
444 3001 491 3057 τις
511 2981 573 3041 τῶν
593 2972 716 3055 ἐνθάδ’,
739 2974 842 3041 αὐτῶν
860 2979 940 3060 μηδὲ
958 2974 992 3042 (ἒν
1009 2989 1112 3064 χεῖρον
1133 2982 1265 3064 φρονῶν,

310 3059 507 3145 Ἐπιτίθηται
528 3067 566 3147 τῇ
587 3059 719 3144 ποιήσει,
741 3057 821 3126 πάνυ
842 3063 1045 3140 δοκεῖ’κυκῶς
1066 3071 1197 3150 φρονεῖν,

315 3147 476 3211 Μαίνετσί
492 3172 525 3212 τε
545 3149 597 3210 καὶ
619 3156 774 3258 παραρρεῖ
789 3152 851 3211 τῶν
871 3154 991 3234 φρενῶν
1011 3153 1055 3235 τῷ
1076 3153 1122 3234 σῷ
1143 3143 1234 3232 λόγῳ.

308 3229 394 3296 Ἀλλ’
417 3233 485 3314 ἐμοὶ
507 3232 668 3296 πείθεσθε·
690 3255 811 3307 παντως
830 3228 1053 3314 μεταβαλόντες
1071 3231 1145 3309 τοὺς
1164 3229 1308 3318 τρόπους,

315 3314 375 3397 Μὴ
398 3316 553 3402 φθονεῖθ’,
575 3313 650 3382 ὅταν
669 3342 716 3394 τις
735 3314 824 3399 ἡμῶν
843 3323 975 3404 μουσικῇ
994 3319 1089 3404 χαίρῃ
1110 3317 1195 3382 νέων.

230 3400 270 3471 V.
291 3401 311 3466 1
332 3401 438 3490 scripsi
466 3399 498 3480 ὅ,
520 3427 565 3480 τι,
591 3402 667 3468 male
694 3401 785 3490 vulgo
812 3398 858 3466 ὅτι
885 3403 1013 3491 legitur,
1046 3425 1075 3469 v.
1096 3401 1119 3468 4
1138 3400 1242 3468 adacio
1263 3421 1303 3466 ex
1330 3402 1407 3468 edit.

232 3486 360 3552 Gesneri
386 3487 519 3568 restitui,
552 3493 584 3550 ut
616 3486 653 3552 ad
686 3487 862 3578 peregrinos
893 3493 995 3576 poetas
1027 3489 1189 3553 reseratur:
1232 3508 1293 3551 non
1318 3496 1408 3554 recte

229 3571 387 3638 Dobraeus
409 3578 439 3636 et
462 3571 619 3660 Reisigius
646 3567 754 3636 ἐνθάδ’
780 3569 876 3636 αὐτοῖν
904 3574 1103 3662 scripserunt3
1131 3580 1210 3638 certe
1237 3579 1308 3636 tuuc
1334 3593 1408 3638 cum

229 3655 386 3722 Meinekio
406 3654 570 3740 μηδενὸς
593 3664 696 3739 χεῖρον
717 3661 840 3740 φρονῶν
860 3657 1046 3724 scribendum
1067 3665 1156 3723 esset.
1197 3679 1227 3722 v.
1247 3658 1270 3723 8
1291 3657 1407 3746 scripsi

231 3739 379 3827 φθονεῖθ’
403 3749 433 3806 et
452 3737 555 3825 ἡμῶν,
586 3740 677 3826 vulgo
704 3740 873 3825 φθονεῖσθ’
897 3749 927 3806 et
951 3738 1039 3824 ripario
1065 3743 1172 3808 editum
1200 3748 1256 3807 est.
1298 3740 1408 3810 Versu

230 3835 325 3892 autem
353 3833 438 3891 sexto
450 3836 551 3916 “poeta
572 3825 668 3890 subito
689 3845 723 3890 se
744 3826 888 3906 conuertit
913 3826 951 3892 ad
972 3827 1182 3914 aliumqucm,
1204 3827 1347 3896 comicum
1370 3835 1408 3894 ut

227 3912 345 3976 uidetur
365 3917 496 4000 poetam,
518 3932 602 3998 quem
622 3910 732 3974 iniuria
752 3931 772 3974 a
791 3911 934 3976 iudicibus
955 3933 1050 4001 nuper
1070 3913 1128 3977 sibi
1145 3911 1308 4000 praelatum
1329 3935 1417 3979 esse,

227 3996 430 4146 ppppuesitur,
446 4017 532 4146 heupq
550 3995 715 4146 ἰρερωεῐορρ
733 4002 1076 4147 .φ1ρολο.ερ1ροεεερλ,ωερ1
1089 3997 1406 4148 uietqriapn'reporta·
1491 4091 1492 4104 ρ

295 4101 518 4232 11Ῑίῖίθοῗίενθεταίιετε
533 4101 765 4252 λοίῖςιπαρσρῗεῖ
773 4101 856 4232 ΙΙτὶῶιν11
862 4103 1057 4267 φρῃῶιῦῖνωτῷιι
1065 4103 1244 4253 ῶῶελόθῖ..

227 4250 397 4337 Quicunque
418 4257 514 4316 autem
528 4249 580 4316 ille
599 4249 658 4314 fuit
677 4257 774 4339 poeta,
794 4273 855 4316 non
867 4251 1008 4339 ignobilis
1022 4251 1248 4318 ineritcomious
1269 4274 1405 4321 necesse

226 4343 287 4402 est:
307 4337 414 4425 poterit
433 4335 643 4422 fortassequis
662 4335 721 4400 iam
741 4335 778 4400 de
789 4335 963 4422 Phrynicho
984 4336 1129 4424 cogitare,
1150 4357 1233 4422 quem
1255 4344 1404 4426 tauquam

224 4422 373 4489 hom'umm
403 4421 593 4510 peregrinum
619 4357 672 4486 ad,
690 4419 812 4486 aemulis
842 4420 1024 4509 exagitatum
1056 4443 1125 4490 osse
1155 4423 1350 4510 cognovimus
1382 4447 1403 4490 e
