3004 5048
317 312 378 390 ΒΕ
398 313 541 393 ΒΕΙιΙΟ.
562 315 750 406 cononi),
770 319 879 398 A'l'r.
898 320 1045 402 Anno.
1198 328 1264 398 357
1311 369 1335 386 ..

495 543 497 548 .
570 483 634 552 Τίον
655 484 690 552 δὲ
708 484 906 574 Παφλαγόνα

160 559 234 644 Ὃς
255 563 346 632 ταῦτ’
370 565 514 654 ἔδρασεν,
540 569 605 656 εἴφ’
629 566 675 637 ὅτι
696 567 959 661 ποιήσεις,νακόν,·

76 647 127 714 cui
150 648 208 716 ille
231 650 407 741 respondet:

173 734 279 800 Οὐδὲν
298 733 381 820 μέγ’,
403 733 475 801 ἀλλ’
489 733 518 819 ἢ
538 735 594 820 τὴν
615 736 693 823 ἐμὴν
713 741 770 816 ἴξει
791 738 909 824 τίχνην.

75 816 180 884 Recte
210 841 284 886 vero
310 820 485 888 Meinelrius
517 823 600 888 illum
630 845 750 890 versum
777 826 880 891 hibuit
903 823 1059 915 Eupolidi,
1090 847 1151 893 non
1176 835 1257 894 reete

74 901 284 972 Blomfieldns
311 905 526 996 Aristophani,
557 929 617 972 nou
644 910 734 992 satis,
767 919 800 974 ut
825 911 957 993 videtur,
985 910 1134 978 Eustatbii
1158 915 1258 978 verbis

76 989 267 1074 intellectis,
297 991 346 1077 qui
370 992 428 1057 hoc
449 992 547 1058 dicere
567 993 645 1076 vult,
672 1016 756 1081 quem
779 994 916 1062 Comicus
942 995 972 1061 h.
994 1017 1021 1062 e.
1042 997 1258 1086 Aristophanes

76 1074 111 1140 in
137 1075 283 1142 Nubibus
308 1097 337 1143 τ.
357 1077 422 1146 555
442 1080 594 1161 Μαρικᾶν
621 1078 713 1162 dicat,
735 1101 801 1146 eum
828 1081 865 1145 ab
893 1079 960 1146 aliis
982 1079 1039 1146 dici
1060 1083 1259 1169 Μαρικᾶντα.

75 1159 155 1226 Alia
176 1181 257 1248 quae
277 1161 315 1228 de
335 1161 392 1228 bac
412 1162 562 1228 comoedia
582 1163 691 1230 disseri
711 1171 836 1254 possunt
855 1165 1066 1254 praetermitto.

166 1293 214 1363 Ut
236 1295 350 1364 Comici
377 1297 415 1379 ii,
446 1297 495 1384 qui
521 1318 581 1362 non
607 1298 694 1363 unice
721 1298 817 1387 plebis
843 1299 997 1388 imperitae
1026 1300 1159 1366 favorem
1185 1299 1258 1366 iocis

74 1381 192 1470 ineptis
216 1383 383 1470 captabant,
403 1381 435 1446 id
447 1384 604 1472 praecipue
625 1389 842 1473 spectaverunt,
863 1393 896 1449 ut
915 1405 1023 1473 pravos
1034 1384 1260 1451 Atheniensium

75 1487 181 1532 mores
204 1469 389 1555 castigarent
409 1473 495 1553 atque
516 1467 722 1550 emendarent,
742 1470 785 1533 ita
805 1489 878 1570 prae
899 1470 1005 1534 ceteris
1024 1471 1156 1534 morbum
1177 1469 1260 1535 illum

48 1551 53 1562 '
76 1551 314 1638 gravissimum,
335 1573 392 1640 quo
413 1558 473 1618 tum
494 1574 545 1618 res
565 1551 683 1640 publica
703 1551 931 1618 Atheniensium
951 1554 1119 1638 laborabat,
1149 1555 1260 1643 eupidi-

74 1643 171 1702 tatem
208 1636 275 1702 dico
301 1639 348 1702 rei
378 1636 543 1718 iudicialis,
575 1637 832 1725 perstringebant:
876 1638 952 1722 quod
978 1637 1114 1726 Eupolim
1146 1659 1258 1786 optoque

75 1720 193 1786 secisse
215 1722 249 1785 iu
270 1721 448 1810 Prospaltiis
469 1721 564 1809 ipsum
586 1720 705 1785 labulae
725 1741 833 1786 nomen
854 1722 1006 1810 probabile
1027 1722 1133 1787 reddit.
1182 1745 1258 1811 agos

75 1806 160 1870 enim
188 1803 427 1894 Prospaltiorum
459 1805 515 1870 hoc
540 1805 658 1869 nomine
690 1805 747 1870 fuit
772 1806 921 1889 famosus,
948 1805 1023 1891 quod
1050 1806 1101 1870 isti
1126 1807 1258 1954 impense

73 1896 219 1955 animent
245 1890 374 1971 iudicia3
402 1889 463 1955 viu.
490 1888 599 1953 Suidas
627 1889 669 1954 Τ.
689 1889 715 1960 Ι,
736 1911 765 1978 p.
786 1892 866 1956 627:
908 1891 1128 1976 Δροαχορνεῦ·
1178 1889 1258 1976 ρίϊνε

67 1971 239 2059 Ἀχαρνεῦ,
261 1972 445 2055 ἄναίσθητε·
479 1975 700 2060 exeantatus
720 1973 779 2061 γὰρ
803 1975 831 2039 oi
846 1975 1002 2062 Ἀχαρνεΐς
1024 1972 1066 2051 ὡς
1086 1973 1185 2060 ἄγριοι
1206 1977 1257 2041 καλ

73 2058 214 2143 σκληραί
224 2079 232 2098 ·
274 2055 433 2140 Ποτάμιοι
455 2057 503 2136 δέ,
531 2053 573 2134 ὡς
595 2055 708 2148 ῥᾳδίως
737 2055 891 2144 δεχόμενοι
913 2058 986 2135 rods
1013 2057 1255 2145 παρεγγράφονς,

76 2139 283 2224 (deportatas
312 2144 363 2208 καλ
385 2139 599 2228 Προσπάλτιοι
621 2143 663 2220 ὡς
685 2145 862 2210 δικαστικοί.
905 2143 1144 2211 Consentaneum
1164 2145 1257 2233 igitur

74 2236 124 2292 est
143 2227 194 2291 Eu
217 2228 287 2293 olim
308 2227 447 2293 iudicium
468 2226 586 2313 aliquod
606 2228 639 2292 in
660 2249 750 2294 scena
769 2231 1053 2318 repraesentavisse,
1074 2230 1151 2316 quod
1172 2230 1258 2316 quale

73 2311 171 2377 fuerit
194 2247 271 2377 licet
296 2313 442 2378 coniicere
468 2331 508 2376 ex
534 2333 570 2376 eo
595 2312 780 2461 stfffflm’
822 2314 899 2400 quod
926 2315 1057 2380 servavit
1083 2315 1256 2381 Athenaeus

71 2395 118 2464 L.
138 2395 213 2467 Vll.
234 2419 263 2486 p.
283 2398 348 2463 326
369 2396 415 2462 A:
450 2393 547 2461 Ὅταν
568 2395 599 2460 δ’
671 2401 758 2474 πολις
779 2399 812 2462 ἔν
832 2399 1064 2484 Προσπαλτίοις
1084 2399 1172 2486 λέγῃ·

163 2493 286 2584 Μήτηρ
307 2521 354 2574 τις
376 2495 461 2584 αὐτῷ
486 2498 615 2588 Θρᾷττα
636 2494 830 2576 ταινιόπωλις
850 2491 898 2582 ἦν.

75 2599 126 2668 lut
147 2604 214 2664 τῶν
232 2593 427 2684 ὑφασμάτων
447 2596 524 2680 λέγει
545 2600 596 2660 καλ
618 2603 680 2662 τῶν
701 2601 817 2677 ζωνῶν,
849 2595 900 2674 αἷς
922 2601 956 2664 αἶ
977 2607 1115 2684 γνναῖκες
1136 2603 1255 2687 περιδί-

75 2708 175 2752 ονται.
198 2683 250 2748 Ex
262 2684 320 2748 hoc
332 2682 411 2747 enim
425 2703 516 2746 versu
534 2689 655 2770 apparet
670 2682 757 2747 alicui
776 2683 857 2748 litem
868 2685 1091 2772 peregrinitatis
1112 2687 1255 2752 intentam

76 2791 162 2837 esse:
184 2767 262 2833 nihil
283 2774 379 2842 autern
400 2766 452 2832 illo
474 2773 604 2854 tempore
625 2767 682 2831 luit
701 2767 896 2852 frequentius,
917 2788 1002 2854 quam
1023 2769 1109 2832 huius

1116 2827 1118 2830 ,
1154 2791 1253 2836 enens

75 2875 205 2936 causam
231 2853 264 2918 iu
288 2851 391 2942 primis
418 2857 515 2916 autem
541 2850 640 2916 multis
662 2852 778 2917 crimini
803 2853 988 2935 vertebatur,
1015 2853 1093 2939 quod
1114 2791 1254 2922 durasse
1301 2881 1303 2886 ·

75 2947 173 3006 matre
194 2938 308 3002 fuerint
322 2937 395 3001 uati.
415 2935 479 3002 Sed
495 2942 527 3000 ut
547 2956 606 3024 ego
627 2935 732 3025 opinor
752 2957 814 3002 non
834 2937 922 3004 fiuxit
941 2937 1015 3002 haec
1035 2937 1134 3002 omnia
1154 2959 1210 3028 poe

76 3025 131 3090 sed
153 3029 267 3088 certum
288 3021 431 3108 quendam
457 3020 606 3086 homiuem
625 3022 773 3110 respexit,
801 3021 883 3088 cuins
904 3022 1089 3124 cupiditatem
1110 3023 1157 3087 rei
1177 3023 1253 3089 iudi·

76 3109 162 3174 cialis
184 3107 312 3172 rideret:
341 3107 401 3170 nisi
420 3104 511 3172 fallor
531 3106 641 3194 scripta
662 3116 709 3171 est
727 3107 801 3172 haec
821 3105 923 3172 fabula
943 3129 976 3172 un
996 3105 1076 3172 Euth
1118 3107 1252 3192 breuem

77 3195 161 3258 cuius
184 3213 225 3258 ex
247 3190 435 3280 popularibus
452 3191 629 3279 compositus
650 3190 741 3258 luerit
761 3191 929 3258 comoediae
941 3192 1057 3258 chorus.
1076 3128 1152 3256 llioit
1172 3193 1250 3260 enim

75 3277 125 3343 hic
145 3276 349 3366 Euthyphron
368 3275 567 3364 Prospaltius,
587 3274 648 3342 vid.
669 3275 756 3342 Plato
778 3275 811 3340 in
832 3274 957 3362 Cratylo
999 3323 1007 3342 .
1028 3277 1092 3344 396
1112 3276 1161 3342 D:
1183 3279 1249 3342 Ilei

76 3363 229 3443 αἰτιῶμαί
246 3385 296 3446 γε,
328 3349 565 3445 ὧἛρμίγενες,
590 3355 725 3442 μάλιστα
753 3359 851 3443 αὐτὴν
876 3359 938 3424 ἀπὸ
986 3355 1167 3447 ίιθνίφρονος
1191 3367 1247 3427 τοῦ

75 3445 303 3532 Προσπαλτίου
324 3443 592 3529 προσπεπτωκέναι
612 3469 678 3527 μοι.
709 3444 772 3512 Sed
792 3466 854 3510 non
874 3443 969 3512 solum
990 3445 1124 3534 origine,
1145 3467 1248 3513 verum

76 3533 166 3598 etiam
187 3530 312 3619 iugenio
332 3529 390 3595 luit
409 3529 609 3620 Prospaltius:
631 3529 710 3622 patri
730 3531 808 3596 enim
828 3530 893 3620 ipse
913 3529 1039 3596 intendit
1059 3530 1150 3613 litem,
1171 3531 1248 3616 quod

97 3617 241 3705 eregrina
257 3621 338 3682 esset
357 3613 490 3764 origiue:
512 3615 642 3700 qualite
662 3622 695 3680 ut
715 3614 882 3699 desisteret,
904 3636 997 3702 aegre
1018 3635 1084 3680 eum
1104 3615 1249 3702 permovit

76 3635 235 3782 gestatos,
266 3703 342 3766 sicut
367 3721 402 3765 re
416 3705 463 3765 ert
489 3699 645 3788 Diogenes
669 3700 813 3766 Laertius
839 3699 880 3766 Π.
900 3701 939 3781 5,
959 3700 1019 3766 29:
1051 3694 1247 3784 Εὐθύφρονα

78 3786 111 3850 dd
131 3792 176 3874 τῷ
199 3788 291 3870 πατρί
317 3781 518 3868 γραψάμενον
538 3786 635 3861 ξενίας
655 3786 759 3867 δίκην,
788 3786 855 3870 περὶ
878 3779 963 3850 ὁσίαν
984 3782 1052 3848 τινὰ
1074 3783 1246 3868 διαλεχθείς

78 3867 225 3954 ἀπήγαγε.
269 3868 362 3944 Quale
392 3871 503 3938 crimen
535 3891 600 3935 cum
631 3870 691 3934 uisi
718 3869 805 3934 homo
835 3868 921 3950 male
938 3888 1028 3934 sanus
1059 3887 1119 3932 nou
1166 3877 1247 3936 osset

78 3957 225 4020 conficere
245 3954 276 4020 iu
297 3961 421 4043 patrem,
443 3975 545 4022 omnes
565 3953 768 4020 Athenienses
789 3952 911 4019 miratos
932 3973 999 4018 esse
1020 3889 1245 4042 Euthypdronis

77 4038 236 4122 insaniam,
256 4047 485 4106 cousentaneum
505 4045 566 4104 est:
587 4061 644 4104 nec
663 4040 778 4120 mirum
799 4039 912 4124 siquis
932 4035 1058 4102 comicus
1078 4036 1136 4101 hoc
1155 4060 1191 4104 ar
1233 4077 1246 4094 ·

78 4132 177 4190 mento
198 4146 269 4190 usus
291 4125 345 4207 sit,
366 4131 399 4190 ut
418 4130 598 4190 monstraret
617 4122 868 4207 Atheniensibus,
908 4143 974 4187 uam
1038 4121 1168 4188 ruioiora
1226 4145 1246 4190 ο

78 4208 170 4276 nimie
189 4208 331 4298 cupiditas
351 4210 398 4300 rei
417 4207 564 4277 iudicialis
581 4215 670 4274 esset.
692 4207 871 4359 Quamguom
911 4208 975 4305 'ter‘
1017 4203 1271 4306 atoninEuthyv

78 4292 193 4378 phroue
212 4315 276 4358 rem
296 4299 411 4372 narrat;
440 4294 512 4360 dicit
532 4293 610 4360 enim
630 4293 713 4358 illum
739 4315 791 4358 cae
811 4293 838 4358 is
859 4292 940 4358 litem
966 4287 1130 4358 mtoudusse
1149 4291 1240 4384 patri:

81 4375 320 4464 ρλΑιἝοτι
341 4375 520 4462 (iiddom,
541 4369 878 4466 obtemporant
899 4369 1242 4476 eleemosynatores
