3096 5062
223 277 287 343 nro
579 353 580 359 Ν
604 221 1008 342 commvnnmonns

224 442 437 509 contemnenda
458 451 551 508 morte
572 443 646 528 agit,
667 448 801 518 accurate
823 440 859 505 de
881 441 970 506 animi
983 407 1098 506 natura
1115 441 1192 506 etde
1207 441 1389 507 divinatione

223 527 362 610 disserit,
393 549 465 593 usus
497 527 590 616 ipsius
617 525 795 591 Dicaearchi
828 524 1141 592 libris-Corinthiacis
1173 531 1240 610 περὶ
1267 533 1389 608 ψυχῆς,
1512 597 1513 600 ¹

224 613 299 700 quod
322 613 391 678 dicit
411 613 435 677 1.
460 614 509 694 lb,
530 613 570 676 21
594 611 713 676 etitem
735 611 775 676 ss.
794 613 853 692 23,
876 611 926 676 18.
948 610 1074 692 11,22,
1096 613 1147 676 51.
1170 613 1288 676 etitem
1310 613 1391 676 Les-
1512 603 1513 626 ¹

223 699 316 764 biacis
343 697 380 780 de
406 699 503 761 animo
529 694 599 760 ibid.
625 695 650 761 Ι.
672 699 725 777 31,
746 697 798 760 77.
841 693 949 760 Tertio
979 703 1075 760 autem
1103 695 1278 760 Dicaearchi
1301 696 1390 779 libro,
1513 729 1514 732 ι

224 784 274 868 qui
290 789 466 845 descensus
488 791 524 844 in
540 783 723 863 Trophonii
740 796 875 844 astrum
896 780 1055 868 inscriptus
1077 789 1151 863 erat,
1173 790 1269 846 utrum
1282 779 1391 847 Cicero

216 869 257 932 ‘in
286 867 333 931 bis
360 867 579 951 quaestionibus
606 865 827 931 conscribendis
855 887 926 930 usus
957 866 996 929 sit
1022 887 1077 930 neo
1103 887 1142 930 ne
1163 867 1216 930 vix
1237 867 1390 954 expedias,

162 1012 165 1017 .
226 951 457 1039 qnandoquidem
483 953 515 1014 in
542 951 650 1016 litteris
672 951 709 1015 ad
730 949 861 1015 Atticum
882 949 958 1014 datis
980 950 1098 1014 dixerat
1117 971 1151 1015 se
1180 951 1262 1014 illum
1283 952 1392 1017 librum

226 1045 410 1126 exspectare,
427 1057 521 1120 neque
533 1036 654 1124 posthac
669 1035 788 1100 disertis
802 1035 900 1100 verbis
919 1043 1070 1116 memorat,
1087 1056 1257 1120 quamquam
1268 1057 1342 1100 sane
1353 1037 1391 1102 de

225 1122 407 1187 divinatione
428 1122 611 1210 praeteriens
632 1121 709 1185 dixit
729 1118 849 1194 Quaeso.
863 1119 957 1184 Tusc.
978 1119 1003 1184 l.
1023 1123 1073 1201 17,
1096 1128 1181 1206 atque
1202 1121 1289 1184 etiam
1311 1119 1393 1186 Tro·

225 1209 364 1296 phonium
391 1213 421 1269 et
441 1205 626 1292 Agamedem
653 1211 875 1286 commemorat,
902 1205 1006 1290 quibus
1028 1204 1112 1268 Deus
1139 1205 1333 1286 concesserit,
1361 1214 1393 1271 ut
1519 1251 1520 1260 .

225 1301 345 1442 pqaeter
359 1302 473 1354 ceteros
484 1291 667 1371 divinarent,
690 1288 761 1354 ibid.
778 1287 867 1370 le,
882 1289 944 1353 113
955 1297 986 1353 et
999 1289 1030 1354 4.
1063 1288 1175 1358 Verum
1188 1308 1258 1354 usus
1280 1299 1328 1355 est
1337 1292 1393 1356 hoc

259 1374 404 1442 icaearchi
432 1375 507 1439 libro
528 1383 647 1463 postea,
675 1396 739 1438 oum
759 1373 842 1438 illum
864 1373 974 1456 locum,
1007 1373 1057 1459 qui
1077 1381 1124 1438 est
1144 1375 1181 1438 de
1203 1375 1393 1457 divinatione,
1519 1391 1520 1399 ’

226 1461 368 1550 peculiari
395 1458 470 1524 libro
497 1458 770 1548 comprehenderet:
803 1479 972 1544 quamquam
1001 1459 1080 1522 enim
1107 1459 1176 1523 libri
1199 1459 1393 1525 Dicaearchei

227 1546 341 1612 titulum
362 1565 504 1630 nusquam
521 1543 647 1609 dilucide
670 1542 807 1632 appellet,
828 1551 926 1607 tamen
946 1543 1016 1628 quin
1037 1544 1114 1608 hanc
1135 1543 1308 1624 κατάβασιν
1318 1545 1396 1611 dicat

228 1651 350 1721 prorsus
373 1649 432 1694 non
454 1629 565 1711 dubito,
586 1628 646 1694 vid.
668 1628 704 1693 de
718 1627 822 1692 Divin.
844 1627 915 1693 Ι.3·.
938 1627 1394 1719 „DicaearchusPeripateticus

228 1724 327 1781 cetera
347 1714 537 1792 divinationis
559 1735 673 1796 genera
693 1712 827 1794 sustulit,
854 1713 1032 1777 somniorum
1058 1723 1088 1777 et
1112 1710 1224 1778 furdris
1247 1715 1395 1801 reliquit.“
1524 1715 1526 1800 ',

228 1803 299 1867 item
325 1799 350 1864 I.
371 1801 415 1866 50
442 1807 472 1863 et
491 1798 531 1863 11.
552 1793 609 1864 48:
643 1795 717 1881 „Me
743 1796 1006 1898 Peripateticorum
1035 1798 1111 1861 ratio
1138 1800 1234 1887 magis
1263 1801 1397 1866 movebat

229 1895 260 1952 et
279 1885 389 1950 veteris
411 1883 606 1965 Dicaearchi,
628 1883 743 1948 eteius
765 1903 813 1968 qur
835 1904 913 1948 nunc
933 1880 1116 1948 doretCrati
1135 1884 1181 1970 pi,
1204 1886 1253 1969 qui
1274 1894 1397 1950 censent

229 1985 297 2036 esse
331 1971 364 2034 in
391 1969 537 2034 mentibus
570 1969 721 2032 hominum
757 1974 894 2052 tanquam
921 1967 1070 2032 oraculum
1128 1969 1231 2053 iquod,
1274 1991 1313 2034 ex
1340 1989 1396 2056 quo

230 2057 329 2121 lutura
348 2053 560 2142 praesentiant,
582 2054 609 2117 si
630 2060 681 2116 ant
700 2053 802 2117 lurore
817 2053 917 2118 divino
938 2053 1075 2116 incitatus
1089 2053 1203 2117 animus
1226 2063 1276 2118 aut
1295 2075 1397 2120 somno

229 2141 382 2206 relaxatus
403 2138 498 2203 solute
509 2144 661 2203 moveatur
681 2158 716 2201 ac
736 2137 860 2204 libere.“
888 2136 986 2222 Atque
998 2137 1034 2202 ad
1052 2137 1175 2202 eundem
1198 2139 1276 2202 huno
1289 2139 1396 2204 Dicae·

231 2225 314 2290 archi
339 2223 445 2287 librum
473 2221 661 2286 referendum
690 2221 805 2286 videtur
832 2221 919 2286 etiam
946 2221 1022 2306 quod
1051 2221 1090 2286 ll.
1112 2225 1153 2290 51
1183 2223 1254 2288 dicit
1275 2223 1408 2312 Cicero·⁸

181 2387 184 2394 y
230 2307 297 2392 „At
317 2314 420 2372 nostra
440 2307 580 2388 interest,
600 2305 678 2370 scire
700 2327 751 2387 ea,
773 2327 847 2390 quae
869 2313 1011 2370 eventura
1032 2312 1110 2371 sunt.
1137 2304 1269 2396 Magnus
1289 2307 1399 2374 Dicae·

149 2467 152 2474 ,
231 2393 314 2459 archi
335 2392 412 2456 liber
432 2399 493 2472 est3
514 2391 632 2456 nescire
653 2411 689 2454 ea
710 2390 814 2454 melius
836 2411 920 2471 esse,
942 2411 1027 2474 quam
1048 2391 1158 2457 scire.“
1186 2393 1261 2478 quod
1283 2393 1398 2479 quidem

232 2477 269 2543 ad
297 2499 341 2542 arn
363 2476 515 2541 litudinem
546 2475 645 2564 operis
670 2475 860 2540 referendum
888 2475 1031 2556 arbitror,
1083 2477 1205 2542 uomodo
1228 2478 1334 2546 Cicero
1363 2479 1399 2544 de

232 2561 322 2629 Odit.
343 2497 430 2628 115
457 2560 494 2626 de
520 2561 585 2650 ipso
614 2559 690 2624 dixit
715 2559 916 2624 Dicaearcho:
949 2559 1028 2643 „Est
1055 2496 1232 2628 Dicaearchi
1261 2563 1337 2628 liber
1363 2565 1399 2629 de

231 2648 354 2714 interitu
381 2646 546 2728 hominum,
572 2644 762 2734 Peripatetici
788 2645 890 2733 magni
917 2653 947 2708 et
973 2644 1115 2734 eopiosi.“
1157 2647 1284 2716 Videtur
1304 2655 1400 2714 autem

233 2731 341 2801 Cicero
363 2732 482 2822 saepius
502 2732 557 2796 bor
575 2729 778 2795 Dicaearcheo
799 2750 889 2880 opere
909 2729 942 2794 in
962 2729 1047 2795 libris
1068 2753 1141 2817 qnos
1162 2732 1199 2798 de
1220 2733 1400 2799 divinatione

233 2818 410 2907 conscripsit
445 2837 515 2881 usus
550 2837 635 2898 esse,
674 2816 716 2880 uti
747 2814 788 2880 ll.
830 2813 861 2880 6.
910 2813 1051 2881 Cratinus
1085 2825 1197 2898 autem,
1231 2826 1263 2882 ut
1293 2839 1400 2883 vanam

232 2903 315 2970 illam
348 2903 585 2992 superstitionem
612 2901 795 2988 exagitaret,
827 2901 945 2965 videtur
973 2901 1120 2966 hominem
1147 2902 1272 2988 aliquem
1299 2925 1402 2991 super·

233 2989 396 3069 stitiosnm,
418 2987 518 3052 morbo
540 2986 674 3074 graviter
695 2985 871 3066 conlectum,
892 2985 934 3049 ita
955 2992 988 3049 nt
1008 2986 1072 3054 cibo
1094 2994 1218 3074 potuque
1240 2988 1402 3052 abstineret

233 3095 290 3138 nec
310 3094 444 3137 somnum
465 3079 566 3160 posset
585 3092 708 3159 capere,
728 3071 761 3133 in
781 3089 899 3133 scenam
920 3069 1091 3134 induxisse:
1122 3092 1178 3155 qrrn
1199 3072 1298 3137 relevo
1318 3072 1402 3136 illurn

234 3179 370 3238 versum,
412 3176 497 3242 quern
531 3152 669 3220 Bekkeri
701 3153 915 3220 Grammaticus
955 3153 996 3219 T.
1018 3153 1042 3219 1.
1076 3175 1106 3244 p.
1126 3157 1207 3239 358,
1235 3159 1257 3223 2
1295 3157 1399 3222 affert:

227 3240 401 3329 ’Άρασθαν
423 3239 704 3326 προσενέγκασθαι·
731 3241 886 3319 Κρατῖνος
910 3239 1099 3328 Τροφωνίῳ·

325 3325 372 3392 Οὐ
394 3335 479 3391 σῖτσν
499 3323 614 3410 ὅρασθ
638 3322 696 3405 σιἰχ
716 3320 813 3387 ὕπνου
827 3327 929 3406 λαχεῖν
945 3323 1048 3409 μέρος.

236 3434 312 3499 quae
334 3433 398 3476 cunr
425 3411 523 3496 aliqua
542 3410 677 3475 lectionis
699 3407 869 3474 diversitate
895 3409 1016 3475 exhibet
1036 3408 1144 3475 Snidas
1166 3407 1208 3476 Τ.
1228 3411 1253 3477 l.
1273 3432 1302 3500 p.
1322 3411 1402 3479 655τ

237 3498 414 3582 Αἴρισθαι·
449 3495 728 3580 προσενέγκασθαι·
761 3495 823 3576 Κρ.
848 3497 905 3576 Τρ.
935 3494 982 3558 Οὐ
1009 3504 1094 3558 σῖτσν
1120 3495 1256 3581 αἴρεσθ’.
1288 3495 1346 3578 οὐχ
1373 3494 1404 3563 i's.

206 3582 267 3648 ’1.
289 3609 323 3663 μ.
365 3579 495 3669 Aegroti
526 3582 604 3644 enim
635 3578 770 3644 homines
805 3577 987 3679 potissimum
1019 3579 1138 3646 oracula
1167 3581 1287 3646 deorum
1320 3581 1404 3647 adire

238 3667 388 3749 solebant,
431 3672 463 3730 ut
495 3666 532 3730 ab
565 3664 603 3728 iis
631 3685 715 3752 opem
749 3662 946 3749 auxrliumqne
972 3673 1120 3753 peterent:
1162 3666 1222 3732 vid.
1250 3666 1404 3758 Aristoph.

238 3751 491 3918 νθερὸθιτῗθῆτα
511 3829 639 3908 ταύταις
659 3839 727 3910 ταῖς
748 3837 880 3907 τελεταῖς
901 3829 958 3896 οὐκ
979 3829 1098 3919 ὠφέλει,

325 3921 510 3986 Διὲπλεσσεν
530 3921 573 3995 εἷς
592 3917 741 4002 Αἴγιναν·
762 3914 827 3982 εἶτα
848 3918 1008 3998 ξυλλαβὼν

326 4005 458 4086 Νύκτωρ
481 4002 650 4068 κατέκλινεν
671 4000 765 4070 αὐτὸν
786 4005 828 4080 εὶς
844 4001 1039 4086 Ἀσκληπιοῦ.

241 4088 426 4157 Simillinram
453 4090 613 4177 imaginem
634 4088 852 4178 Aristophanes
879 4095 909 4153 et
934 4089 967 4154 in
988 4088 1077 4152 Pluto
1099 4095 1130 4152 et
1149 4086 1331 4176 Amphiarao
1352 4109 1406 4154 ex·

240 4175 347 4256 hibuit,
368 4197 539 4262 quamquam
558 4175 601 4240 ibi
621 4174 718 4240 illidii
740 4174 942 4255 consuluntur,
963 4173 1013 4258 qui
1033 4171 1168 4237 medendi
1188 4174 1299 4261 pariter
1320 4179 1406 4260 atque

240 4259 421 4326 vaticinandi
448 4261 520 4325 artis
548 4265 634 4324 erant
662 4259 761 4358 gnari.
802 4257 947 4323 Fortasse
972 4265 1068 4322 autern
1094 4256 1145 4322 ille
1166 4279 1271 4323 sensns
1298 4259 1342 4325 ita
1360 4264 1407 4324 est

243 4343 511 4436 explanandis„ut
531 4344 645 4411 dicatur
665 4364 705 4425 rs,
725 4341 775 4428 qni
795 4343 925 4408 incertus
947 4341 983 4408 de
1005 4343 1094 4407 rebus
1115 4344 1178 4408 sois
1199 4343 1284 4412 deum
1305 4344 1407 4410 scisci·

1528 2341 1534 2530 l
