3042 5070
453 1365 916 1453 LIBERI,

605 1573 758 1586 m

554 1685 742 1764 CAPUT
775 1689 809 1765 Ι.

171 1858 353 1989 Cratinus,
390 1905 605 1989 Atheniensis,
649 1908 785 1994 antiquae
808 1909 976 1974 comoediae
1002 1911 1092 1978 facile
1118 1915 1267 2004 princeps,

91 1997 155 2062 iure
184 1995 347 2079 meritoque
367 1992 447 2056 viam
474 1994 510 2056 ab
534 1991 704 2077 aequalibus
726 1993 820 2082 poetis
850 1995 948 2058 tritam
969 1996 1097 2084 reliquit
1123 2007 1153 2064 et
1182 2003 1268 2065 novis

93 2081 284 2146 incrementis
312 2078 483 2164 conquisitis
517 2079 655 2142 comicam
688 2079 792 2166 poesin
822 2080 986 2144 intantum
1008 2083 1162 2171 fastigium
1185 2093 1270 2149 extu·

95 2167 142 2248 lit,
186 2171 326 2252 quantum
356 2165 409 2227 vix
436 2164 603 2252 exspectari
629 2170 759 2251 poterat:
803 2185 871 2229 nam
899 2187 963 2229 oum
992 2176 1072 2231 esset
1093 2191 1202 2256 magno
1223 2171 1270 2234 in-

94 2251 183 2340 genio
206 2258 238 2315 et
257 2247 367 2314 eximia
388 2270 499 2313 morum
513 2250 679 2349 gravitate,
687 2250 854 2336 aegerrime
875 2250 942 2314 tulit
952 2273 1015 2315 rem
1028 2254 1172 2340 publicam
1183 2277 1269 2342 prae-

93 2357 162 2426 ceps
183 2358 217 2400 rn
258 2333 399 2399 erniciem
419 2355 518 2415 ruere,
539 2355 654 2398 omnem
671 2336 765 2434 ugitur
785 2355 905 2423 operam
928 2343 1013 2421 atque
1035 2359 1120 2402 omne
1142 2341 1270 2404 studium

93 2443 128 2486 eo
151 2355 292 2502 contulit,
320 2425 361 2488 ,ut
387 2419 519 2506 imagine
546 2420 640 2508 ipsius
668 2428 747 2484 vitae
770 2428 838 2484 ante
861 2419 960 2484 oculos
987 2423 1084 2510 posita
1110 2445 1212 2488 omnes
1240 2431 1270 2489 et

92 2529 142 2572 res
163 2507 311 2570 humanae
342 2510 372 2568 et
393 2504 511 2568 divinae
533 2505 760 2570 emendarentur
780 2506 986 2590 hominumque
1008 2509 1098 2571 animi
1119 2509 1157 2572 ad
1178 2510 1270 2574 hone·

93 2599 200 2656 statem
221 2589 374 2655 colendam
394 2589 637 2654 incenderentur:
680 2591 736 2654 hoc
758 2591 816 2654 sibi
837 2591 948 2678 primus
971 2599 1001 2655 et
1020 2595 1173 2682 proposuit
1195 2593 1269 2660 Cra-

93 2679 191 2759 tinuS,
213 2683 244 2740 et
263 2675 443 2776 propositum
466 2681 585 2738 strenue
606 2682 777 2764 persecutus
800 2684 859 2739 est:
904 2676 957 2740 sed
985 2677 1013 2740 si
1039 2679 1133 2766 ipsam
1161 2681 1270 2743 verita-

94 2771 169 2844 tem,
211 2762 294 2825 cuius
316 2781 416 2847 rmago
438 2760 535 2823 animo
558 2760 787 2840 obversabatur,
823 2761 916 2824 oculis
939 2762 1129 2844 subiecisset,
1162 2785 1269 2828 veren-

98 2848 164 2912 dum
186 2853 251 2910 erat
278 2868 317 2909 ne
338 2845 435 2908 taedio
457 2846 596 2908 obrueret
615 2867 667 2908 eos
695 2846 744 2930 qui
772 2851 954 2932 spectarent,
988 2847 1120 2932 nihilque
1146 2870 1269 2936 prorsus

101 2953 212 3012 eorum,
236 2953 310 3016 quae
331 2950 443 2994 summo
465 2929 561 2993 studio
582 2931 828 3018 persequebatur,
861 2929 1020 2994 obtineret:
1049 2953 1140 3017 quare
1161 2934 1270 2997 eximia

100 3017 220 3102 quadam
243 3023 306 3080 arte
327 3015 457 3104 pulcram
479 3015 611 3102 effigiem
632 3015 811 3100 hilaremque
832 3014 957 3080 formam
979 3016 1081 3099 finxit,
1108 3019 1150 3082 ita
1171 3025 1270 3082 tamen

97 3111 129 3166 ut
161 3101 199 3166 ad
235 3101 390 3164 veritatem
424 3099 633 3184 sublimemque
672 3101 735 3164 eius
763 3101 890 3189 speciem
915 3101 1045 3166 referret
1070 3103 1181 3170 omnia:
1226 3104 1270 3168 sic

95 3207 162 3252 cum
182 3185 304 3250 ludicris
326 3185 443 3250 miscuit
464 3185 559 3266 seria,
593 3192 677 3250 utet
702 3185 810 3274 vulgus
832 3187 970 3269 haberet,
1004 3189 1053 3273 qui
1074 3188 1271 3256 delectaretur
1375 3225 1379 3232 ·

95 3281 126 3338 et
147 3273 198 3358 qui
218 3271 284 3360 plus
305 3271 428 3358 ingenio
455 3271 605 3354 valerent,
643 3271 736 3360 ipsam
767 3272 939 3352 veritatem,
972 3293 1046 3357 quae
1074 3295 1113 3337 ex
1135 3275 1269 3338 omnibus

93 3357 264 3424 fabularum
288 3357 420 3444 partibus
446 3355 625 3444 perluceret,
665 3363 763 3421 mente
790 3364 821 3421 et
841 3357 1020 3446 cogitatione
1042 3359 1270 3447 comprehende·

94 3450 173 3508 rent.
218 3440 344 3507 Secutus
367 3448 413 3506 est
433 3441 526 3528 igitur
540 3439 688 3506 'Cratinus
714 3441 745 3506 id
766 3442 878 3530 ipsum,
912 3443 989 3528 qnod
1014 3439 1102 3508 Plato
1129 3444 1227 3534 praeci
1247 3443 1271 3508 it

96 3529 134 3593 de
155 3527 284 3616 Republ.
305 3526 374 3595 Vll.
396 3549 425 3615 p.
447 3527 528 3591 816:
549 3523 636 3590 ’Άνευ
656 3525 716 3612 γὰρ
737 3530 861 3610 γελοίων
882 3526 923 3592 τὰ
943 3530 1098 3592 σπουδαῖα
1120 3531 1171 3592 καὶ
1193 3467 1270 3592 aab·

95 3638 159 3678 των
180 3619 243 3676 τῶν
264 3613 406 3688 ἐναντίων
426 3609 466 3674 τὰ
487 3612 607 3674 ἐναντία
634 3617 749 3694 μαθεῖν
772 3611 808 3676 od
837 3611 978 3676 δυνατόν’
1020 3613 1084 3678 Neo
1111 3614 1190 3702 fugit
1215 3615 1271 3680 hoc

96 3699 237 3784 antiquae
271 3697 439 3762 comoediae
473 3696 639 3762 institutum
671 3705 788 3762 veteres
820 3700 918 3788 ipsos,
961 3698 1046 3762 latuit
1078 3699 1269 3764 recentiores.

95 3786 168 3850 Non
194 3790 290 3847 tamen
321 3782 546 3846 existimandum
568 3790 629 3865 est,
668 3781 821 3850 Cratinum
848 3784 936 3874 plane
957 3785 1125 3851 inusitatum
1147 3785 1205 3848 iter
1224 3785 1271 3848 in-

98 3869 277 3957 dagavisse3
315 3867 451 3932 fecerunt
470 3867 547 3932 idem
570 3868 621 3933 alii
647 3869 737 3933 multo
766 3876 849 3950 ante,
887 3869 941 3933 sed
966 3871 1102 3934 fecerunt
1126 3869 1220 3934 nescii
1242 3875 1272 3932 et

98 3955 225 4020 obscuro
245 3953 371 4039 quodam
392 3973 482 4018 sensu
505 3953 601 4017 ducti:
626 3952 766 4020 Cratinus
796 3955 910 4019 ratione
939 3961 969 4018 et
994 3955 1206 4041 intelligentia:
1241 3961 1271 4018 et

96 4040 155 4104 hac
181 4039 297 4125 quidem
322 4041 355 4102 in
381 4061 416 4102 re
442 4038 644 4104 Athenienses
672 4041 779 4104 ceteris
818 4041 951 4104 omnibus
979 4047 1150 4128 praestant,
1193 4039 1270 4126 quod

97 4132 197 4190 mente
220 4131 250 4189 et
266 4123 468 4211 intelligentia
488 4123 605 4188 ultimas
627 4145 726 4190 rerum
759 4145 863 4189 causas
885 4125 1176 4213 comprehenderunt.
1219 4125 1270 4188 Ex

97 4211 136 4274 iis
159 4215 256 4274 autem
284 4209 333 4294 qui
360 4209 438 4274 idem
470 4209 624 4274 consihum
657 4229 718 4274 non
745 4210 979 4299 dispari=forma
1006 4211 1054 4274 usi
1081 4211 1173 4274 secuti
1199 4211 1270 4292 sint,

134 4303 218 4362 aeter
235 4301 352 4358 ceteros
379 4293 576 4358 Archilochus
602 4295 798 4362 nominandus
826 4301 886 4375 est-3
923 4296 994 4359 hinc
1019 4295 1107 4360 etiam
1129 4293 1269 4366 Cratinus

120 4401 178 4444 unc
196 4387 230 4445 et
247 4379 460 4444 sententiarum
482 4379 643 4467 gravitate,
678 4388 708 4446 et
728 4381 1080 4464 verbornmmaiestato,
1114 4388 1144 4446 et
1169 4401 1270 4472 repre-

100 4462 250 4534 hendendi
277 4465 436 4530 acerbitato
471 4480 684 4556 saepenumero
725 4467 887 4534 aemulatus
925 4473 979 4532 est.
1033 4465 1200 4533 Testatur·
1214 4467 1270 4530 hoc

977 4569 1025 4635 ,s
