<?xml version="1.0" encoding="UTF-8"?>
<!DOCTYPE html PUBLIC "-//W3C//DTD XHTML 1.0 Transitional//EN"
    "http://www.w3.org/TR/xhtml1/DTD/xhtml1-transitional.dtd">
<html xmlns="http://www.w3.org/1999/xhtml" xml:lang="en" lang="en">
 <head>
  <title>
</title>
<meta http-equiv="Content-Type" content="text/html;charset=utf-8" />
  <meta name='ocr-system' content='tesseract 3.04.00' />
  <meta name='ocr-capabilities' content='ocr_page ocr_carea ocr_par ocr_line ocrx_word'/>
</head>
<body>
  <div class='ocr_page' id='page_1' title='image "./commentationumd00kggoog_0066.png"; bbox 0 0 3042 5070; ppageno 0'>
   <div class='ocr_carea' id='block_1_1' title="bbox 318 332 1267 418">
    <p class='ocr_par' dir='ltr' id='par_1_1' title="bbox 318 332 1267 418">
     <span class='ocr_line' id='line_1_1' title="bbox 318 332 1267 418; baseline 0.004 -12"><span class='ocrx_word' id='word_1_1' title='bbox 318 333 379 406; x_wconf 78' lang='lat' dir='ltr'><strong><em>DE</em></strong></span> <span class='ocrx_word' id='word_1_2' title='bbox 398 332 541 416; x_wconf 77' lang='lat' dir='ltr'>RELIQ·</span> <span class='ocrx_word' id='word_1_3' title='bbox 563 333 751 408; x_wconf 78' lang='lat' dir='ltr'><strong>COMOED.</strong></span> <span class='ocrx_word' id='word_1_4' title='bbox 771 334 878 411; x_wconf 70' lang='grc' dir='ltr'><strong><em>ΑΊῪ.</em></strong></span> <span class='ocrx_word' id='word_1_5' title='bbox 899 335 1044 418; x_wconf 77' lang='lat' dir='ltr'>sumo.</span> <span class='ocrx_word' id='word_1_6' title='bbox 1223 344 1267 410; x_wconf 75' lang='grc'><strong><em>29</em></strong></span> 
     </span>
    </p>
   </div>
   <div class='ocr_carea' id='block_1_2' title="bbox 75 499 1268 4254">
    <p class='ocr_par' dir='ltr' id='par_1_2' title="bbox 79 499 1268 2382">
     <span class='ocr_line' id='line_1_2' title="bbox 83 499 1265 596; baseline 0 -19"><span class='ocrx_word' id='word_1_7' title='bbox 83 521 133 578; x_wconf 84' lang='lat' dir='ltr'>rna</span> <span class='ocrx_word' id='word_1_8' title='bbox 154 508 201 576; x_wconf 87' lang='lat' dir='ltr'>ita</span> <span class='ocrx_word' id='word_1_9' title='bbox 221 505 362 573; x_wconf 86' lang='lat' dir='ltr'>videntur</span> <span class='ocrx_word' id='word_1_10' title='bbox 382 503 581 589; x_wconf 86' lang='lat' dir='ltr'>emendanda,</span> <span class='ocrx_word' id='word_1_11' title='bbox 618 512 652 572; x_wconf 89' lang='lat' dir='ltr'>ut</span> <span class='ocrx_word' id='word_1_12' title='bbox 676 499 792 590; x_wconf 79' lang='grc' dir='ltr'><strong><em>τρόπος</em></strong></span> <span class='ocrx_word' id='word_1_13' title='bbox 811 505 900 596; x_wconf 85' lang='lat' dir='ltr'>plane</span> <span class='ocrx_word' id='word_1_14' title='bbox 921 505 1054 574; x_wconf 86' lang='lat' dir='ltr'>deleatur</span> <span class='ocrx_word' id='word_1_15' title='bbox 1080 508 1135 594; x_wconf 87' lang='lat' dir='ltr'><strong><em>(ex</em></strong></span> <span class='ocrx_word' id='word_1_16' title='bbox 1155 509 1265 578; x_wconf 86' lang='lat' dir='ltr'>codicis</span> 
     </span>
     <span class='ocr_line' id='line_1_3' title="bbox 84 591 1265 743; baseline 0.001 -83"><span class='ocrx_word' id='word_1_17' title='bbox 84 596 165 661; x_wconf 87' lang='lat' dir='ltr'>euim</span> <span class='ocrx_word' id='word_1_18' title='bbox 193 591 394 682; x_wconf 77' lang='lat' dir='ltr'>discrepantia</span> <span class='ocrx_word' id='word_1_19' title='bbox 428 593 542 658; x_wconf 87' lang='lat' dir='ltr'>uidetur</span> <span class='ocrx_word' id='word_1_20' title='bbox 574 593 735 680; x_wconf 84' lang='lat' dir='ltr'>profectum</span> <span class='ocrx_word' id='word_1_21' title='bbox 762 595 850 678; x_wconf 81' lang='lat' dir='ltr'>esse)</span> <span class='ocrx_word' id='word_1_22' title='bbox 879 601 964 743; x_wconf 53' lang='lat' dir='ltr'>atgue</span> <span class='ocrx_word' id='word_1_23' title='bbox 991 595 1163 660; x_wconf 82' lang='lat' dir='ltr'>restituatur</span> <span class='ocrx_word' id='word_1_24' title='bbox 1193 599 1223 660; x_wconf 88' lang='grc' dir='ltr'><em>Σ</em></span> <span class='ocrx_word' id='word_1_25' title='bbox 1227 623 1265 660; x_wconf 91' lang='grc' dir='ltr'><strong><em>α-</em></strong></span> 
     </span>
     <span class='ocr_line' id='line_1_4' title="bbox 83 674 1265 767; baseline 0.003 -24"><span class='ocrx_word' id='word_1_26' title='bbox 83 676 233 762; x_wconf 89' lang='grc' dir='ltr'><strong><em>μιακδν</em></strong></span> <span class='ocrx_word' id='word_1_27' title='bbox 265 674 425 760; x_wconf 79' lang='grc' dir='ltr'><strong><em>τρόπσνι</em></strong></span> <span class='ocrx_word' id='word_1_28' title='bbox 469 675 781 767; x_wconf 81' lang='lat' dir='ltr'>comparcsPhutium</span> <span class='ocrx_word' id='word_1_29' title='bbox 807 697 835 766; x_wconf 88' lang='lat' dir='ltr'><strong><em>p.</em></strong></span> <span class='ocrx_word' id='word_1_30' title='bbox 865 677 1019 760; x_wconf 77' lang='grc'><strong><em>48,10;</em></strong></span> <span class='ocrx_word' id='word_1_31' title='bbox 1062 681 1265 761; x_wconf 84' lang='grc' dir='ltr'><strong><em>Σαμιακὸν</em></strong></span> 
     </span>
     <span class='ocr_line' id='line_1_5' title="bbox 84 758 1265 873; baseline 0 -43"><span class='ocrx_word' id='word_1_32' title='bbox 84 761 244 845; x_wconf 77' lang='grc' dir='ltr'><strong><em>τρόπον·</em></strong></span> <span class='ocrx_word' id='word_1_33' title='bbox 275 764 470 844; x_wconf 78' lang='grc' dir='ltr'><strong><em>Κρατῖνος</em></strong></span> <span class='ocrx_word' id='word_1_34' title='bbox 488 758 740 873; x_wconf 76' lang='grc' dir='ltr'><strong><em>Ἀρχιλόχοις·</em></strong></span> <span class='ocrx_word' id='word_1_35' title='bbox 775 763 817 838; x_wconf 80' lang='grc' dir='ltr'><strong><em>είς</em></strong></span> <span class='ocrx_word' id='word_1_36' title='bbox 837 787 954 843; x_wconf 88' lang='grc' dir='ltr'><strong><em>υαμιαν</em></strong></span> <span class='ocrx_word' id='word_1_37' title='bbox 974 762 1173 830; x_wconf 76' lang='grc' dir='ltr'><strong><em>ἐπισκώπτων</em></strong></span> <span class='ocrx_word' id='word_1_38' title='bbox 1192 792 1265 847; x_wconf 91' lang='grc' dir='ltr'><strong><em>μιν-</em></strong></span> 
     </span>
     <span class='ocr_line' id='line_1_6' title="bbox 83 843 1263 934; baseline 0.002 -20"><span class='ocrx_word' id='word_1_39' title='bbox 83 849 147 914; x_wconf 84' lang='grc' dir='ltr'><strong><em>νόω</em></strong></span> <span class='ocrx_word' id='word_1_40' title='bbox 176 849 268 913; x_wconf 85' lang='grc' dir='ltr'><strong><em>ναυσί</em></strong></span> <span class='ocrx_word' id='word_1_41' title='bbox 295 847 354 933; x_wconf 80' lang='grc' dir='ltr'><strong><em>γὰρ</em></strong></span> <span class='ocrx_word' id='word_1_42' title='bbox 382 849 522 932; x_wconf 73' lang='grc' dir='ltr'><strong><em>ἐμφερεῖς</em></strong></span> <span class='ocrx_word' id='word_1_43' title='bbox 548 861 607 928; x_wconf 81' lang='grc' dir='ltr'><strong><em>ειχε</em></strong></span> <span class='ocrx_word' id='word_1_44' title='bbox 636 847 693 922; x_wconf 84' lang='grc' dir='ltr'><strong><em>τὰς</em></strong></span> <span class='ocrx_word' id='word_1_45' title='bbox 718 843 845 934; x_wconf 81' lang='grc' dir='ltr'><strong><em>πρώρας</em></strong></span> <span class='ocrx_word' id='word_1_46' title='bbox 871 849 910 911; x_wconf 81' lang='grc' dir='ltr'><strong><em>τὰ</em></strong></span> <span class='ocrx_word' id='word_1_47' title='bbox 930 853 992 912; x_wconf 84' lang='grc' dir='ltr'><strong><em>τῶν</em></strong></span> <span class='ocrx_word' id='word_1_48' title='bbox 1013 851 1140 930; x_wconf 81' lang='grc' dir='ltr'><em>Σαμίων</em></span> <span class='ocrx_word' id='word_1_49' title='bbox 1161 856 1263 931; x_wconf 80' lang='grc' dir='ltr'><strong><em>πλοῖα,</em></strong></span> 
     </span>
     <span class='ocr_line' id='line_1_7' title="bbox 85 929 1261 1026; baseline 0.002 -26"><span class='ocrx_word' id='word_1_50' title='bbox 85 931 126 1014; x_wconf 82' lang='grc' dir='ltr'><strong><em>ὡς</em></strong></span> <span class='ocrx_word' id='word_1_51' title='bbox 153 935 342 1018; x_wconf 81' lang='grc' dir='ltr'><strong><em>Χοιριλοχος</em></strong></span> <span class='ocrx_word' id='word_1_52' title='bbox 376 929 392 996; x_wconf 84' lang='grc' dir='ltr'><strong><em>ό</em></strong></span> <span class='ocrx_word' id='word_1_53' title='bbox 419 931 547 1012; x_wconf 82' lang='grc' dir='ltr'><strong><em>Σάμιος.</em></strong></span> <span class='ocrx_word' id='word_1_54' title='bbox 591 932 645 998; x_wconf 91' lang='lat' dir='ltr'>sed</span> <span class='ocrx_word' id='word_1_55' title='bbox 672 932 745 996; x_wconf 89' lang='lat' dir='ltr'>haec</span> <span class='ocrx_word' id='word_1_56' title='bbox 773 953 886 1018; x_wconf 84' lang='lat' dir='ltr'>quoque</span> <span class='ocrx_word' id='word_1_57' title='bbox 914 935 987 998; x_wconf 86' lang='lat' dir='ltr'>satis</span> <span class='ocrx_word' id='word_1_58' title='bbox 1015 943 1085 998; x_wconf 93' lang='lat' dir='ltr'>sunt</span> <span class='ocrx_word' id='word_1_59' title='bbox 1111 945 1261 1026; x_wconf 85' lang='lat' dir='ltr'>corrupta:</span> 
     </span>
     <span class='ocr_line' id='line_1_8' title="bbox 84 1015 1263 1105; baseline -0.003 -18"><span class='ocrx_word' id='word_1_60' title='bbox 84 1022 202 1087; x_wconf 75' lang='lat' dir='ltr'>videtur</span> <span class='ocrx_word' id='word_1_61' title='bbox 223 1017 412 1083; x_wconf 79' lang='lat' dir='ltr'>scribendum</span> <span class='ocrx_word' id='word_1_62' title='bbox 433 1039 515 1082; x_wconf 85' lang='lat' dir='ltr'>esse:</span> <span class='ocrx_word' id='word_1_63' title='bbox 558 1016 720 1095; x_wconf 80' lang='grc' dir='ltr'><strong><em>Σαμιακὸν</em></strong></span> <span class='ocrx_word' id='word_1_64' title='bbox 740 1015 870 1099; x_wconf 78' lang='grc' dir='ltr'><strong><em>τρόπον·</em></strong></span> <span class='ocrx_word' id='word_1_65' title='bbox 897 1021 1052 1102; x_wconf 80' lang='grc' dir='ltr'><strong><em>Κρατῖνος</em></strong></span> <span class='ocrx_word' id='word_1_66' title='bbox 1067 1018 1263 1105; x_wconf 82' lang='grc' dir='ltr'><strong><em>Ἀρχιλόχοις,</em></strong></span> 
     </span>
     <span class='ocr_line' id='line_1_9' title="bbox 86 1099 1263 1182; baseline 0 -11"><span class='ocrx_word' id='word_1_67' title='bbox 86 1110 140 1182; x_wconf 77' lang='grc' dir='ltr'><strong><em>είς</em></strong></span> <span class='ocrx_word' id='word_1_68' title='bbox 166 1104 330 1171; x_wconf 92' lang='grc' dir='ltr'><strong><em>συανίαν</em></strong></span> <span class='ocrx_word' id='word_1_69' title='bbox 356 1099 554 1167; x_wconf 77' lang='grc' dir='ltr'><strong><em>ἐπισκώπτων</em></strong></span> <span class='ocrx_word' id='word_1_70' title='bbox 576 1101 741 1166; x_wconf 72' lang='grc' dir='ltr'><strong><em>Μένωνα</em></strong></span> <span class='ocrx_word' id='word_1_71' title='bbox 768 1101 816 1166; x_wconf 89' lang='lat' dir='ltr'><strong><em>vel</em></strong></span> <span class='ocrx_word' id='word_1_72' title='bbox 839 1103 1053 1168; x_wconf 70' lang='grc' dir='ltr'><strong><em>Μένιππον.</em></strong></span> <span class='ocrx_word' id='word_1_73' title='bbox 1080 1127 1187 1170; x_wconf 88' lang='lat' dir='ltr'>nomen</span> <span class='ocrx_word' id='word_1_74' title='bbox 1209 1107 1263 1172; x_wconf 91' lang='lat' dir='ltr'><strong><em>ali·</em></strong></span> 
     </span>
     <span class='ocr_line' id='line_1_10' title="bbox 89 1183 1262 1267; baseline 0.001 -11"><span class='ocrx_word' id='word_1_75' title='bbox 89 1192 174 1256; x_wconf 89' lang='lat' dir='ltr'>cuins</span> <span class='ocrx_word' id='word_1_76' title='bbox 197 1187 326 1254; x_wconf 87' lang='lat' dir='ltr'>hominis</span> <span class='ocrx_word' id='word_1_77' title='bbox 358 1188 390 1252; x_wconf 93' lang='lat' dir='ltr'><strong><em>in</em></strong></span> <span class='ocrx_word' id='word_1_78' title='bbox 418 1187 476 1252; x_wconf 89' lang='lat' dir='ltr'>isto</span> <span class='ocrx_word' id='word_1_79' title='bbox 499 1195 645 1252; x_wconf 88' lang='lat' dir='ltr'>monstro:</span> <span class='ocrx_word' id='word_1_80' title='bbox 687 1183 843 1267; x_wconf 83' lang='grc' dir='ltr'><strong><em>μιννόωνα</em></strong></span> <span class='ocrx_word' id='word_1_81' title='bbox 865 1188 958 1253; x_wconf 89' lang='lat' dir='ltr'>latere</span> <span class='ocrx_word' id='word_1_82' title='bbox 979 1190 1110 1254; x_wconf 86' lang='lat' dir='ltr'>videtur:</span> <span class='ocrx_word' id='word_1_83' title='bbox 1154 1191 1262 1257; x_wconf 86' lang='lat' dir='ltr'>deinde</span> 
     </span>
     <span class='ocr_line' id='line_1_11' title="bbox 93 1268 1263 1362; baseline 0.001 -22"><span class='ocrx_word' id='word_1_84' title='bbox 93 1283 191 1340; x_wconf 79' lang='lat' dir='ltr'>autem</span> <span class='ocrx_word' id='word_1_85' title='bbox 215 1273 373 1362; x_wconf 86' lang='lat' dir='ltr'>legendum</span> <span class='ocrx_word' id='word_1_86' title='bbox 401 1281 447 1337; x_wconf 88' lang='lat' dir='ltr'><strong><em>est</em></strong></span> <span class='ocrx_word' id='word_1_87' title='bbox 483 1268 532 1336; x_wconf 80' lang='lat' dir='ltr'><strong><em>tot</em></strong></span> <span class='ocrx_word' id='word_1_88' title='bbox 563 1270 622 1356; x_wconf 83' lang='grc' dir='ltr'><strong><em>γάρ</em></strong></span> <span class='ocrx_word' id='word_1_89' title='bbox 650 1273 791 1356; x_wconf 81' lang='grc' dir='ltr'><strong><em>όμφερεῖς</em></strong></span> <span class='ocrx_word' id='word_1_90' title='bbox 817 1269 874 1354; x_wconf 84' lang='grc' dir='ltr'><strong><em>είχε</em></strong></span> <span class='ocrx_word' id='word_1_91' title='bbox 903 1273 958 1349; x_wconf 81' lang='grc' dir='ltr'><strong><em>τὰς</em></strong></span> <span class='ocrx_word' id='word_1_92' title='bbox 986 1271 1111 1360; x_wconf 79' lang='grc' dir='ltr'><strong><em>πρώρας</em></strong></span> <span class='ocrx_word' id='word_1_93' title='bbox 1137 1275 1175 1339; x_wconf 89' lang='grc' dir='ltr'><strong><em>τά</em></strong></span> <span class='ocrx_word' id='word_1_94' title='bbox 1201 1283 1263 1341; x_wconf 83' lang='grc' dir='ltr'><strong><em>τῶν</em></strong></span> 
     </span>
     <span class='ocr_line' id='line_1_12' title="bbox 99 1357 1262 1455; baseline 0.003 -31"><span class='ocrx_word' id='word_1_95' title='bbox 99 1361 222 1440; x_wconf 80' lang='grc' dir='ltr'><strong><em>Σαμίων</em></strong></span> <span class='ocrx_word' id='word_1_96' title='bbox 244 1362 346 1422; x_wconf 79' lang='grc' dir='ltr'><strong><em>πλοῖα.</em></strong></span> <span class='ocrx_word' id='word_1_97' title='bbox 395 1357 523 1427; x_wconf 89' lang='lat' dir='ltr'>Videtur</span> <span class='ocrx_word' id='word_1_98' title='bbox 544 1359 623 1421; x_wconf 91' lang='lat' dir='ltr'>enim</span> <span class='ocrx_word' id='word_1_99' title='bbox 655 1358 711 1455; x_wconf 70' lang='lat' dir='ltr'><strong><em>hoc</em></strong></span> <span class='ocrx_word' id='word_1_100' title='bbox 737 1359 829 1422; x_wconf 86' lang='lat' dir='ltr'>verbo</span> <span class='ocrx_word' id='word_1_101' title='bbox 856 1380 991 1448; x_wconf 87' lang='lat' dir='ltr'>spurcam</span> <span class='ocrx_word' id='word_1_102' title='bbox 1011 1359 1262 1448; x_wconf 62' lang='lat' dir='ltr'>2protligatamque</span> 
     </span>
     <span class='ocr_line' id='line_1_13' title="bbox 99 1443 1262 1536; baseline 0.002 -27"><span class='ocrx_word' id='word_1_103' title='bbox 99 1446 183 1509; x_wconf 83' lang='lat' dir='ltr'>vitam</span> <span class='ocrx_word' id='word_1_104' title='bbox 194 1443 291 1508; x_wconf 87' lang='lat' dir='ltr'>nescio</span> <span class='ocrx_word' id='word_1_105' title='bbox 305 1443 388 1508; x_wconf 92' lang='lat' dir='ltr'>cuius</span> <span class='ocrx_word' id='word_1_106' title='bbox 405 1449 508 1508; x_wconf 87' lang='lat' dir='ltr'>notare</span> <span class='ocrx_word' id='word_1_107' title='bbox 531 1443 676 1524; x_wconf 81' lang='lat' dir='ltr'>voluisse,</span> <span class='ocrx_word' id='word_1_108' title='bbox 698 1463 793 1528; x_wconf 89' lang='lat' dir='ltr'>neque</span> <span class='ocrx_word' id='word_1_109' title='bbox 809 1464 880 1508; x_wconf 88' lang='lat' dir='ltr'>vero</span> <span class='ocrx_word' id='word_1_110' title='bbox 892 1445 1010 1510; x_wconf 88' lang='lat' dir='ltr'>navium</span> <span class='ocrx_word' id='word_1_111' title='bbox 1023 1447 1148 1510; x_wconf 88' lang='lat' dir='ltr'>sormam</span> <span class='ocrx_word' id='word_1_112' title='bbox 1160 1469 1262 1536; x_wconf 85' lang='lat' dir='ltr'>respe-</span> 
     </span>
     <span class='ocr_line' id='line_1_14' title="bbox 93 1525 1268 1616; baseline 0.002 -22"><span class='ocrx_word' id='word_1_113' title='bbox 93 1531 187 1594; x_wconf 86' lang='lat' dir='ltr'>xisse:</span> <span class='ocrx_word' id='word_1_114' title='bbox 228 1529 366 1594; x_wconf 80' lang='lat' dir='ltr'>conseras</span> <span class='ocrx_word' id='word_1_115' title='bbox 388 1528 476 1592; x_wconf 85' lang='lat' dir='ltr'>etiam</span> <span class='ocrx_word' id='word_1_116' title='bbox 498 1525 697 1614; x_wconf 79' lang='lat' dir='ltr'>Hesychium:</span> <span class='ocrx_word' id='word_1_117' title='bbox 740 1527 901 1606; x_wconf 81' lang='grc' dir='ltr'><strong><em>Σαμιακδς</em></strong></span> <span class='ocrx_word' id='word_1_118' title='bbox 927 1528 1056 1615; x_wconf 88' lang='grc' dir='ltr'><strong><em>τρόπος·</em></strong></span> <span class='ocrx_word' id='word_1_119' title='bbox 1089 1528 1146 1594; x_wconf 78' lang='grc' dir='ltr'><strong><em>δύο</em></strong></span> <span class='ocrx_word' id='word_1_120' title='bbox 1174 1534 1268 1616; x_wconf 78' lang='grc' dir='ltr'><strong><em>δηλοῖ</em></strong></span> 
     </span>
     <span class='ocr_line' id='line_1_15' title="bbox 90 1610 1263 1700; baseline 0.003 -22"><span class='ocrx_word' id='word_1_121' title='bbox 90 1611 222 1697; x_wconf 73' lang='grc' dir='ltr'><strong><em>ἧλίξις,</em></strong></span> <span class='ocrx_word' id='word_1_122' title='bbox 264 1610 299 1676; x_wconf 76' lang='lat' dir='ltr'><strong><em>‘e&#39;v</em></strong></span> <span class='ocrx_word' id='word_1_123' title='bbox 323 1613 380 1693; x_wconf 73' lang='grc' dir='ltr'><strong><em>μὲν</em></strong></span> <span class='ocrx_word' id='word_1_124' title='bbox 407 1611 443 1677; x_wconf 82' lang='grc' dir='ltr'><strong><em>τὸ</em></strong></span> <span class='ocrx_word' id='word_1_125' title='bbox 470 1613 518 1677; x_wconf 73' lang='grc' dir='ltr'><strong><em>ἐπὶ</em></strong></span> <span class='ocrx_word' id='word_1_126' title='bbox 541 1613 671 1696; x_wconf 73' lang='grc' dir='ltr'><strong><em>διαβολῇ</em></strong></span> <span class='ocrx_word' id='word_1_127' title='bbox 693 1616 755 1676; x_wconf 87' lang='grc' dir='ltr'><strong><em>τών</em></strong></span> <span class='ocrx_word' id='word_1_128' title='bbox 775 1615 916 1693; x_wconf 84' lang='grc' dir='ltr'><strong><em>Σαμίων,</em></strong></span> <span class='ocrx_word' id='word_1_129' title='bbox 960 1616 1200 1700; x_wconf 83' lang='grc' dir='ltr'><strong><em>θρυλλουμίνων</em></strong></span> <span class='ocrx_word' id='word_1_130' title='bbox 1220 1614 1263 1694; x_wconf 79' lang='grc' dir='ltr'><strong><em>ὥς</em></strong></span> 
     </span>
     <span class='ocr_line' id='line_1_16' title="bbox 85 1693 1261 1788; baseline 0.003 -24"><span class='ocrx_word' id='word_1_131' title='bbox 85 1694 291 1782; x_wconf 78' lang='grc' dir='ltr'><strong><em>κατεαγότων·</em></strong></span> <span class='ocrx_word' id='word_1_132' title='bbox 315 1699 416 1784; x_wconf 67' lang='grc' dir='ltr'><strong><em>ἕτερον</em></strong></span> <span class='ocrx_word' id='word_1_133' title='bbox 438 1697 486 1773; x_wconf 72' lang='lat' dir='ltr'><strong><em>dl,</em></strong></span> <span class='ocrx_word' id='word_1_134' title='bbox 518 1693 564 1762; x_wconf 86' lang='grc' dir='ltr'><strong><em>ότι</em></strong></span> <span class='ocrx_word' id='word_1_135' title='bbox 586 1697 618 1762; x_wconf 77' lang='grc' dir='ltr'><strong><em>αἱ</em></strong></span> <span class='ocrx_word' id='word_1_136' title='bbox 640 1693 795 1780; x_wconf 77' lang='grc' dir='ltr'><strong><em>λεγόμεναι</em></strong></span> <span class='ocrx_word' id='word_1_137' title='bbox 817 1695 934 1778; x_wconf 80' lang='grc' dir='ltr'><strong><em>Σάμιαι</em></strong></span> <span class='ocrx_word' id='word_1_138' title='bbox 956 1706 1030 1777; x_wconf 88' lang='grc' dir='ltr'><strong><em>ναῦς</em></strong></span> <span class='ocrx_word' id='word_1_139' title='bbox 1052 1701 1261 1788; x_wconf 86' lang='grc' dir='ltr'><strong><em>κατίστρωντο</em></strong></span> 
     </span>
     <span class='ocr_line' id='line_1_17' title="bbox 84 1779 1261 1870; baseline 0.002 -22"><span class='ocrx_word' id='word_1_140' title='bbox 84 1783 125 1848; x_wconf 81' lang='grc' dir='ltr'><strong><em>δι’</em></strong></span> <span class='ocrx_word' id='word_1_141' title='bbox 155 1779 241 1848; x_wconf 77' lang='lat' dir='ltr'>illoc.</span> <span class='ocrx_word' id='word_1_142' title='bbox 285 1783 427 1864; x_wconf 79' lang='grc' dir='ltr'><strong><em>Δίδυμος</em></strong></span> <span class='ocrx_word' id='word_1_143' title='bbox 448 1782 496 1858; x_wconf 75' lang='grc' dir='ltr'><strong><em>δέ,</em></strong></span> <span class='ocrx_word' id='word_1_144' title='bbox 540 1781 596 1857; x_wconf 87' lang='grc' dir='ltr'><strong><em>τάς</em></strong></span> <span class='ocrx_word' id='word_1_145' title='bbox 624 1784 747 1862; x_wconf 80' lang='grc' dir='ltr'><strong><em>Σαμίας</em></strong></span> <span class='ocrx_word' id='word_1_146' title='bbox 779 1789 854 1858; x_wconf 83' lang='grc' dir='ltr'><strong><em>ναῦς</em></strong></span> <span class='ocrx_word' id='word_1_147' title='bbox 889 1786 1056 1870; x_wconf 77' lang='grc' dir='ltr'><strong><em>ίδιαιτίραν</em></strong></span> <span class='ocrx_word' id='word_1_148' title='bbox 1087 1787 1173 1868; x_wconf 85' lang='grc' dir='ltr'><strong><em>παρὰ</em></strong></span> <span class='ocrx_word' id='word_1_149' title='bbox 1205 1787 1261 1864; x_wconf 86' lang='grc' dir='ltr'><strong><em>τάς</em></strong></span> 
     </span>
     <span class='ocr_line' id='line_1_18' title="bbox 81 1863 1263 1977; baseline 0.003 -44"><span class='ocrx_word' id='word_1_150' title='bbox 81 1867 180 1945; x_wconf 81' lang='grc' dir='ltr'><strong><em>άλλας</em></strong></span> <span class='ocrx_word' id='word_1_151' title='bbox 207 1873 283 1943; x_wconf 88' lang='grc' dir='ltr'><strong><em>ναῦς</em></strong></span> <span class='ocrx_word' id='word_1_152' title='bbox 303 1867 360 1951; x_wconf 81' lang='grc' dir='ltr'><strong><em>τὴν</em></strong></span> <span class='ocrx_word' id='word_1_153' title='bbox 379 1866 568 1950; x_wconf 81' lang='grc' dir='ltr'><strong><em>κατασκευὴν</em></strong></span> <span class='ocrx_word' id='word_1_154' title='bbox 588 1865 674 1948; x_wconf 73' lang='grc' dir='ltr'><strong><em>ἔχειν·</em></strong></span> <span class='ocrx_word' id='word_1_155' title='bbox 696 1863 854 1952; x_wconf 82' lang='grc' dir='ltr'><strong><em>εὐρότεραι</em></strong></span> <span class='ocrx_word' id='word_1_156' title='bbox 874 1869 931 1950; x_wconf 76' lang='grc' dir='ltr'><strong><em>μὲν</em></strong></span> <span class='ocrx_word' id='word_1_157' title='bbox 951 1869 1009 1954; x_wconf 88' lang='grc' dir='ltr'><strong><em>γάρ</em></strong></span> <span class='ocrx_word' id='word_1_158' title='bbox 1040 1873 1096 1934; x_wconf 79' lang='grc' dir='ltr'><strong><em>εἰσί</em></strong></span> <span class='ocrx_word' id='word_1_159' title='bbox 1123 1871 1179 1947; x_wconf 79' lang='grc' dir='ltr'><strong><em>τὰς</em></strong></span> <span class='ocrx_word' id='word_1_160' title='bbox 1204 1896 1263 1977; x_wconf 92' lang='grc' dir='ltr'><strong><em>γα-</em></strong></span> 
     </span>
     <span class='ocr_line' id='line_1_19' title="bbox 82 1949 1262 2040; baseline 0.002 -20"><span class='ocrx_word' id='word_1_161' title='bbox 82 1955 212 2040; x_wconf 70' lang='grc' dir='ltr'><strong><em>στέρας·</em></strong></span> <span class='ocrx_word' id='word_1_162' title='bbox 256 1953 330 2029; x_wconf 80' lang='grc' dir='ltr'><strong><em>τοῦς</em></strong></span> <span class='ocrx_word' id='word_1_163' title='bbox 356 1954 389 2017; x_wconf 71' lang='grc' dir='ltr'><strong><em>δι’</em></strong></span> <span class='ocrx_word' id='word_1_164' title='bbox 416 1949 567 2035; x_wconf 78' lang='grc' dir='ltr'><strong><em>ίμβόλους</em></strong></span> <span class='ocrx_word' id='word_1_165' title='bbox 592 1952 790 2032; x_wconf 87' lang='grc' dir='ltr'><strong><em>σεσίμωνται,</em></strong></span> <span class='ocrx_word' id='word_1_166' title='bbox 834 1949 875 2029; x_wconf 81' lang='grc' dir='ltr'><strong><em>ὡς</em></strong></span> <span class='ocrx_word' id='word_1_167' title='bbox 907 1955 1007 2018; x_wconf 86' lang='grc' dir='ltr'><strong><em>δοκεῖν</em></strong></span> <span class='ocrx_word' id='word_1_168' title='bbox 1034 1951 1172 2039; x_wconf 75' lang='grc' dir='ltr'><strong><em>ῥύγχεσιν</em></strong></span> <span class='ocrx_word' id='word_1_169' title='bbox 1197 1963 1262 2022; x_wconf 84' lang='grc' dir='ltr'><strong><em>υῶν</em></strong></span> 
     </span>
     <span class='ocr_line' id='line_1_20' title="bbox 81 2032 1262 2188; baseline 0.002 -84"><span class='ocrx_word' id='word_1_170' title='bbox 81 2037 198 2188; x_wconf 60' lang='grc' dir='ltr'><strong><em>όμοίωφ</em></strong></span> <span class='ocrx_word' id='word_1_171' title='bbox 220 2035 482 2117; x_wconf 69' lang='grc' dir='ltr'><strong><em>κατεσκευάσθαι,</em></strong></span> <span class='ocrx_word' id='word_1_172' title='bbox 511 2033 576 2102; x_wconf 86' lang='grc' dir='ltr'><strong><em>οἷον</em></strong></span> <span class='ocrx_word' id='word_1_173' title='bbox 597 2032 834 2123; x_wconf 80' lang='grc' dir='ltr'><strong><em>ίχθυσπρώρους</em></strong></span> <span class='ocrx_word' id='word_1_174' title='bbox 855 2034 943 2102; x_wconf 78' lang='grc' dir='ltr'><strong><em>εἶναι·</em></strong></span> <span class='ocrx_word' id='word_1_175' title='bbox 972 2038 1020 2104; x_wconf 85' lang='grc' dir='ltr'><strong><em>διό</em></strong></span> <span class='ocrx_word' id='word_1_176' title='bbox 1041 2043 1092 2104; x_wconf 82' lang='grc' dir='ltr'><strong><em>καί</em></strong></span> <span class='ocrx_word' id='word_1_177' title='bbox 1114 2041 1163 2106; x_wconf 73' lang='grc' dir='ltr'><strong><em>ἐπί</em></strong></span> <span class='ocrx_word' id='word_1_178' title='bbox 1184 2038 1262 2106; x_wconf 83' lang='grc' dir='ltr'><strong><em>ταῦ-</em></strong></span> 
     </span>
     <span class='ocr_line' id='line_1_21' title="bbox 79 2129 296 2190; baseline -0.018 0"><span class='ocrx_word' id='word_1_179' title='bbox 79 2151 97 2190; x_wconf 87' lang='grc' dir='ltr'><strong><em>τ</em></strong></span> <span class='ocrx_word' id='word_1_180' title='bbox 158 2129 178 2188; x_wconf 92' lang='grc' dir='ltr'><strong><em>λ</em></strong></span> <span class='ocrx_word' id='word_1_181' title='bbox 214 2145 296 2187; x_wconf 88' lang='grc' dir='ltr'><strong><em>εται·</em></strong></span> 
     </span>
     <span class='ocr_line' id='line_1_22' title="bbox 98 2147 1038 2291; baseline 0.001 -18"><span class='ocrx_word' id='word_1_182' title='bbox 98 2152 136 2210; x_wconf 59' lang='grc' dir='ltr'><strong><em>ης</em></strong></span> <span class='ocrx_word' id='word_1_183' title='bbox 165 2147 261 2284; x_wconf 56' lang='grc' dir='ltr'><strong><em>Νγαῦς</em></strong></span> <span class='ocrx_word' id='word_1_184' title='bbox 282 2206 319 2273; x_wconf 72' lang='grc' dir='ltr'><strong><em>δέ</em></strong></span> <span class='ocrx_word' id='word_1_185' title='bbox 337 2233 383 2284; x_wconf 90' lang='grc' dir='ltr'><strong><em>τις</em></strong></span> <span class='ocrx_word' id='word_1_186' title='bbox 405 2201 564 2291; x_wconf 89' lang='grc' dir='ltr'><strong><em>ώκυπόρος</em></strong></span> <span class='ocrx_word' id='word_1_187' title='bbox 586 2208 711 2289; x_wconf 84' lang='grc' dir='ltr'><strong><em>Σαμία,</em></strong></span> <span class='ocrx_word' id='word_1_188' title='bbox 739 2203 794 2284; x_wconf 83' lang='grc' dir='ltr'><strong><em>ῦδς</em></strong></span> <span class='ocrx_word' id='word_1_189' title='bbox 814 2203 894 2285; x_wconf 75' lang='grc' dir='ltr'><strong><em>εἶδος</em></strong></span> <span class='ocrx_word' id='word_1_190' title='bbox 915 2203 1038 2291; x_wconf 71' lang='grc' dir='ltr'><strong><em>ἴχουσα.</em></strong></span> 
     </span>
     <span class='ocr_line' id='line_1_23' title="bbox 79 2292 808 2382; baseline -0.005 -20"><span class='ocrx_word' id='word_1_191' title='bbox 79 2295 141 2363; x_wconf 87' lang='lat' dir='ltr'><strong><em>Sed</em></strong></span> <span class='ocrx_word' id='word_1_192' title='bbox 186 2301 300 2358; x_wconf 88' lang='lat' dir='ltr'>raestat</span> <span class='ocrx_word' id='word_1_193' title='bbox 320 2294 402 2382; x_wconf 85' lang='lat' dir='ltr'>prior</span> <span class='ocrx_word' id='word_1_194' title='bbox 422 2292 570 2379; x_wconf 88' lang='lat' dir='ltr'>Hesychii</span> <span class='ocrx_word' id='word_1_195' title='bbox 594 2293 808 2382; x_wconf 83' lang='lat' dir='ltr'>interpretatio.</span> 
     </span>
    </p>

    <p class='ocr_par' dir='ltr' id='par_1_3' title="bbox 80 2317 1259 2635">
     <span class='ocr_line' id='line_1_24' title="bbox 164 2317 1259 2464; baseline 0.003 -20"><span class='ocrx_word' id='word_1_196' title='bbox 164 2317 274 2464; x_wconf 45' lang='lat' dir='ltr'>licque</span> <span class='ocrx_word' id='word_1_197' title='bbox 295 2379 327 2442; x_wconf 93' lang='lat' dir='ltr'><strong><em>iu</em></strong></span> <span class='ocrx_word' id='word_1_198' title='bbox 346 2380 403 2446; x_wconf 87' lang='lat' dir='ltr'><strong><em>hac</em></strong></span> <span class='ocrx_word' id='word_1_199' title='bbox 425 2378 489 2442; x_wconf 90' lang='lat' dir='ltr'>solo</span> <span class='ocrx_word' id='word_1_200' title='bbox 510 2378 627 2459; x_wconf 82' lang='lat' dir='ltr'>fabula,</span> <span class='ocrx_word' id='word_1_201' title='bbox 654 2399 757 2444; x_wconf 89' lang='lat' dir='ltr'>verum</span> <span class='ocrx_word' id='word_1_202' title='bbox 779 2380 867 2456; x_wconf 89' lang='lat' dir='ltr'>etiam</span> <span class='ocrx_word' id='word_1_203' title='bbox 888 2379 920 2443; x_wconf 93' lang='lat' dir='ltr'><strong><em>in</em></strong></span> <span class='ocrx_word' id='word_1_204' title='bbox 943 2378 1010 2444; x_wconf 90' lang='lat' dir='ltr'>aliis</span> <span class='ocrx_word' id='word_1_205' title='bbox 1033 2377 1174 2446; x_wconf 85' lang='lat' dir='ltr'>Cratinus</span> <span class='ocrx_word' id='word_1_206' title='bbox 1197 2389 1259 2446; x_wconf 93' lang='lat' dir='ltr'>stu-</span> 
     </span>
     <span class='ocr_line' id='line_1_25' title="bbox 80 2463 1259 2554; baseline 0.003 -24"><span class='ocrx_word' id='word_1_207' title='bbox 80 2466 283 2532; x_wconf 88' lang='lat' dir='ltr'>diosissimum</span> <span class='ocrx_word' id='word_1_208' title='bbox 304 2463 560 2528; x_wconf 80' lang='lat' dir='ltr'>Archilochiorum</span> <span class='ocrx_word' id='word_1_209' title='bbox 583 2465 743 2528; x_wconf 87' lang='lat' dir='ltr'>carminum</span> <span class='ocrx_word' id='word_1_210' title='bbox 764 2485 798 2528; x_wconf 89' lang='lat' dir='ltr'>se</span> <span class='ocrx_word' id='word_1_211' title='bbox 820 2463 969 2528; x_wconf 82' lang='lat' dir='ltr'>exhibuit:</span> <span class='ocrx_word' id='word_1_212' title='bbox 1004 2473 1106 2554; x_wconf 82' lang='lat' dir='ltr'>aperta</span> <span class='ocrx_word' id='word_1_213' title='bbox 1128 2473 1174 2531; x_wconf 90' lang='lat' dir='ltr'><strong><em>est</em></strong></span> <span class='ocrx_word' id='word_1_214' title='bbox 1193 2467 1259 2534; x_wconf 91' lang='lat' dir='ltr'>imi-</span> 
     </span>
     <span class='ocr_line' id='line_1_26' title="bbox 80 2547 782 2635; baseline -0.009 -17"><span class='ocrx_word' id='word_1_215' title='bbox 80 2553 150 2618; x_wconf 84' lang='lat' dir='ltr'>tatio</span> <span class='ocrx_word' id='word_1_216' title='bbox 174 2551 209 2614; x_wconf 91' lang='lat' dir='ltr'><strong><em>in</em></strong></span> <span class='ocrx_word' id='word_1_217' title='bbox 232 2571 321 2612; x_wconf 83' lang='lat' dir='ltr'>versu</span> <span class='ocrx_word' id='word_1_218' title='bbox 347 2549 399 2612; x_wconf 94' lang='lat' dir='ltr'>illo</span> <span class='ocrx_word' id='word_1_219' title='bbox 422 2548 574 2614; x_wconf 84' lang='lat' dir='ltr'>decantato</span> <span class='ocrx_word' id='word_1_220' title='bbox 597 2570 636 2612; x_wconf 82' lang='lat' dir='ltr'><strong><em>ex</em></strong></span> <span class='ocrx_word' id='word_1_221' title='bbox 657 2547 782 2635; x_wconf 89' lang='lat' dir='ltr'>Pytine:</span> 
     </span>
    </p>

    <p class='ocr_par' dir='ltr' id='par_1_4' title="bbox 157 2627 873 2784">
     <span class='ocr_line' id='line_1_27' title="bbox 157 2627 873 2784; baseline 0.003 -88"><span class='ocrx_word' id='word_1_222' title='bbox 157 2627 401 2784; x_wconf 50' lang='grc' dir='ltr'><strong><em>ἷέέΙλιπερνῆτες</em></strong></span> <span class='ocrx_word' id='word_1_223' title='bbox 422 2639 558 2712; x_wconf 81' lang='grc' dir='ltr'><strong><em>πολῖται,</em></strong></span> <span class='ocrx_word' id='word_1_224' title='bbox 594 2631 679 2716; x_wconf 88' lang='grc' dir='ltr'><strong><em>τάμά</em></strong></span> <span class='ocrx_word' id='word_1_225' title='bbox 701 2634 740 2717; x_wconf 83' lang='grc' dir='ltr'><strong><em>δὴ</em></strong></span> <span class='ocrx_word' id='word_1_226' title='bbox 762 2634 873 2712; x_wconf 82' lang='grc' dir='ltr'><strong><em>ξυνίετε</em></strong></span> 
     </span>
    </p>

    <p class='ocr_par' dir='ltr' id='par_1_5' title="bbox 78 2743 1259 3316">
     <span class='ocr_line' id='line_1_28' title="bbox 168 2743 313 2786; baseline -0.034 0"><span class='ocrx_word' id='word_1_227' title='bbox 168 2775 172 2786; x_wconf 91' lang='grc'><strong><em>.</em></strong></span> <span class='ocrx_word' id='word_1_228' title='bbox 243 2743 313 2783; x_wconf 88' lang='grc' dir='ltr'><strong><em>ατα.</em></strong></span> 
     </span>
     <span class='ocr_line' id='line_1_29' title="bbox 84 2745 1259 2914; baseline -0.002 -42"><span class='ocrx_word' id='word_1_229' title='bbox 84 2806 118 2914; x_wconf 70' lang='lat' dir='ltr'><strong><em>de</em></strong></span> <span class='ocrx_word' id='word_1_230' title='bbox 138 2745 247 2914; x_wconf 62' lang='lat' dir='ltr'>quilii</span> <span class='ocrx_word' id='word_1_231' title='bbox 270 2803 438 2870; x_wconf 83' lang='lat' dir='ltr'>Scholiasta</span> <span class='ocrx_word' id='word_1_232' title='bbox 459 2801 612 2892; x_wconf 78' lang='lat' dir='ltr'>Aristoph.</span> <span class='ocrx_word' id='word_1_233' title='bbox 633 2802 706 2868; x_wconf 86' lang='lat' dir='ltr'>Pac.</span> <span class='ocrx_word' id='word_1_234' title='bbox 727 2803 792 2870; x_wconf 80' lang='lat'><strong><em>586</em></strong></span> <span class='ocrx_word' id='word_1_235' title='bbox 819 2803 905 2868; x_wconf 85' lang='lat' dir='ltr'>dicit:</span> <span class='ocrx_word' id='word_1_236' title='bbox 941 2799 1027 2868; x_wconf 82' lang='grc' dir='ltr'><strong><em>Ἔστι</em></strong></span> <span class='ocrx_word' id='word_1_237' title='bbox 1056 2803 1090 2868; x_wconf 77' lang='grc' dir='ltr'><strong><em>δὲ</em></strong></span> <span class='ocrx_word' id='word_1_238' title='bbox 1117 2793 1194 2891; x_wconf 86' lang='grc' dir='ltr'><strong><em>πρός</em></strong></span> <span class='ocrx_word' id='word_1_239' title='bbox 1219 2805 1259 2872; x_wconf 76' lang='grc' dir='ltr'><strong><em>τό</em></strong></span> 
     </span>
     <span class='ocr_line' id='line_1_30' title="bbox 96 2895 915 3060; baseline -0.005 -21"><span class='ocrx_word' id='word_1_240' title='bbox 96 2895 440 3060; x_wconf 39' lang='grc' dir='ltr'><strong><em>ἥκιάξόγάῗλῖπερνῆτες</em></strong></span> <span class='ocrx_word' id='word_1_241' title='bbox 461 2977 598 3048; x_wconf 76' lang='grc' dir='ltr'><strong><em>πολῖται,</em></strong></span> <span class='ocrx_word' id='word_1_242' title='bbox 627 2967 712 3051; x_wconf 84' lang='grc' dir='ltr'><strong><em>τάμά</em></strong></span> <span class='ocrx_word' id='word_1_243' title='bbox 734 2969 773 3051; x_wconf 83' lang='grc' dir='ltr'><strong><em>δὴ</em></strong></span> <span class='ocrx_word' id='word_1_244' title='bbox 796 2971 915 3048; x_wconf 85' lang='grc' dir='ltr'><strong><em>ξυνίετε.</em></strong></span> 
     </span>
     <span class='ocr_line' id='line_1_31' title="bbox 85 3055 1258 3148; baseline 0.001 -24"><span class='ocrx_word' id='word_1_245' title='bbox 85 3057 188 3126; x_wconf 89' lang='lat' dir='ltr'>Potest</span> <span class='ocrx_word' id='word_1_246' title='bbox 208 3063 268 3125; x_wconf 90' lang='lat' dir='ltr'><strong><em>huc</em></strong></span> <span class='ocrx_word' id='word_1_247' title='bbox 288 3059 423 3124; x_wconf 86' lang='lat' dir='ltr'>revocari</span> <span class='ocrx_word' id='word_1_248' title='bbox 443 3057 532 3139; x_wconf 85' lang='lat' dir='ltr'>illud,</span> <span class='ocrx_word' id='word_1_249' title='bbox 555 3056 630 3142; x_wconf 91' lang='lat' dir='ltr'>quod</span> <span class='ocrx_word' id='word_1_250' title='bbox 652 3056 710 3120; x_wconf 90' lang='lat' dir='ltr'><strong><em>iam</em></strong></span> <span class='ocrx_word' id='word_1_251' title='bbox 733 3055 873 3122; x_wconf 84' lang='lat' dir='ltr'>Clemens</span> <span class='ocrx_word' id='word_1_252' title='bbox 894 3057 1121 3123; x_wconf 79' lang='lat' dir='ltr'>Alexandrinus</span> <span class='ocrx_word' id='word_1_253' title='bbox 1143 3081 1258 3148; x_wconf 85' lang='lat' dir='ltr'>compa·</span> 
     </span>
     <span class='ocr_line' id='line_1_32' title="bbox 84 3135 1258 3231; baseline 0 -22"><span class='ocrx_word' id='word_1_254' title='bbox 84 3148 158 3212; x_wconf 88' lang='lat' dir='ltr'>ravit</span> <span class='ocrx_word' id='word_1_255' title='bbox 191 3168 258 3210; x_wconf 92' lang='lat' dir='ltr'><strong><em>cum</em></strong></span> <span class='ocrx_word' id='word_1_256' title='bbox 285 3143 459 3209; x_wconf 78' lang='lat' dir='ltr'>Archilochi</span> <span class='ocrx_word' id='word_1_257' title='bbox 491 3163 580 3208; x_wconf 86' lang='lat' dir='ltr'>vorsu</span> <span class='ocrx_word' id='word_1_258' title='bbox 614 3139 724 3208; x_wconf 83' lang='lat' dir='ltr'>Strom.</span> <span class='ocrx_word' id='word_1_259' title='bbox 763 3141 817 3212; x_wconf 85' lang='lat' dir='ltr'><strong><em>Vl.</em></strong></span> <span class='ocrx_word' id='word_1_260' title='bbox 847 3164 876 3231; x_wconf 88' lang='lat' dir='ltr'><strong><em>p.</em></strong></span> <span class='ocrx_word' id='word_1_261' title='bbox 904 3143 975 3210; x_wconf 82' lang='lat'><strong>738.</strong></span> <span class='ocrx_word' id='word_1_262' title='bbox 1023 3141 1128 3208; x_wconf 88' lang='grc' dir='ltr'><strong><em>Πάλιν</em></strong></span> <span class='ocrx_word' id='word_1_263' title='bbox 1153 3142 1186 3209; x_wconf 77' lang='grc' dir='ltr'><strong><em>δ’</em></strong></span> <span class='ocrx_word' id='word_1_264' title='bbox 1216 3135 1258 3209; x_wconf 76' lang='grc' dir='ltr'><strong><em>αὖ</em></strong></span> 
     </span>
     <span class='ocr_line' id='line_1_33' title="bbox 78 3226 391 3316; baseline -0.006 -20"><span class='ocrx_word' id='word_1_265' title='bbox 78 3226 218 3316; x_wconf 79' lang='grc' dir='ltr'><strong><em>Ὁμήρου</em></strong></span> <span class='ocrx_word' id='word_1_266' title='bbox 240 3226 391 3304; x_wconf 80' lang='grc' dir='ltr'><strong><em>εἰπόντος·</em></strong></span> 
     </span>
    </p>

    <p class='ocr_par' dir='ltr' id='par_1_6' title="bbox 75 3307 1026 3490">
     <span class='ocr_line' id='line_1_34' title="bbox 171 3307 1026 3398; baseline -0.006 -17"><span class='ocrx_word' id='word_1_267' title='bbox 171 3315 242 3396; x_wconf 86' lang='grc' dir='ltr'><strong><em>Οάχ</em></strong></span> <span class='ocrx_word' id='word_1_268' title='bbox 263 3311 331 3397; x_wconf 84' lang='grc' dir='ltr'><strong><em>ὁσίη</em></strong></span> <span class='ocrx_word' id='word_1_269' title='bbox 354 3311 546 3396; x_wconf 74' lang='grc' dir='ltr'><strong><em>κταμένοισιν</em></strong></span> <span class='ocrx_word' id='word_1_270' title='bbox 567 3312 617 3377; x_wconf 72' lang='grc' dir='ltr'><strong><em>ἀπ’</em></strong></span> <span class='ocrx_word' id='word_1_271' title='bbox 642 3307 790 3398; x_wconf 82' lang='grc' dir='ltr'><strong><em>ἀνδράσιν</em></strong></span> <span class='ocrx_word' id='word_1_272' title='bbox 810 3309 1026 3394; x_wconf 85' lang='grc' dir='ltr'><strong><em>εάχετάασθαι,</em></strong></span> 
     </span>
     <span class='ocr_line' id='line_1_35' title="bbox 75 3393 899 3490; baseline -0.005 -24"><span class='ocrx_word' id='word_1_273' title='bbox 75 3397 255 3490; x_wconf 76' lang='grc' dir='ltr'><strong><em>Ἀρχίλοχός</em></strong></span> <span class='ocrx_word' id='word_1_274' title='bbox 276 3425 308 3464; x_wconf 88' lang='grc' dir='ltr'><strong><em>τε</em></strong></span> <span class='ocrx_word' id='word_1_275' title='bbox 329 3402 381 3464; x_wconf 83' lang='grc' dir='ltr'><strong><em>καί</em></strong></span> <span class='ocrx_word' id='word_1_276' title='bbox 402 3403 557 3486; x_wconf 82' lang='grc' dir='ltr'><strong><em>Κρατῖνος</em></strong></span> <span class='ocrx_word' id='word_1_277' title='bbox 577 3393 767 3483; x_wconf 87' lang='grc' dir='ltr'><strong><em>γράφουσιν,</em></strong></span> <span class='ocrx_word' id='word_1_278' title='bbox 790 3393 806 3461; x_wconf 82' lang='grc' dir='ltr'><em>ὃ</em></span> <span class='ocrx_word' id='word_1_279' title='bbox 827 3399 899 3478; x_wconf 83' lang='grc' dir='ltr'><strong><em>με’ν·</em></strong></span> 
     </span>
    </p>

    <p class='ocr_par' dir='ltr' id='par_1_7' title="bbox 81 3479 1100 3661">
     <span class='ocr_line' id='line_1_36' title="bbox 172 3479 1100 3571; baseline -0.002 -21"><span class='ocrx_word' id='word_1_280' title='bbox 172 3484 300 3570; x_wconf 75' lang='grc' dir='ltr'><strong><em>οὐγὰρ</em></strong></span> <span class='ocrx_word' id='word_1_281' title='bbox 323 3483 423 3550; x_wconf 70' lang='grc' dir='ltr'><strong><em>ἐσθλοὶ</em></strong></span> <span class='ocrx_word' id='word_1_282' title='bbox 444 3489 653 3564; x_wconf 72' lang='grc' dir='ltr'><strong><em>κατθανοῦσα</em></strong></span> <span class='ocrx_word' id='word_1_283' title='bbox 678 3483 848 3570; x_wconf 84' lang='grc' dir='ltr'><strong><em>κερτομίειν</em></strong></span> <span class='ocrx_word' id='word_1_284' title='bbox 870 3481 920 3550; x_wconf 75' lang='grc' dir='ltr'><strong><em>ἐπ’</em></strong></span> <span class='ocrx_word' id='word_1_285' title='bbox 943 3479 1100 3571; x_wconf 80' lang='grc' dir='ltr'><strong><em>ἀνδράσιν,</em></strong></span> 
     </span>
     <span class='ocr_line' id='line_1_37' title="bbox 81 3565 618 3661; baseline -0.009 -23"><span class='ocrx_word' id='word_1_286' title='bbox 81 3575 243 3661; x_wconf 79' lang='grc' dir='ltr'><strong><em>Κρατῖνος</em></strong></span> <span class='ocrx_word' id='word_1_287' title='bbox 264 3571 299 3635; x_wconf 78' lang='grc' dir='ltr'><strong><em>δὲ</em></strong></span> <span class='ocrx_word' id='word_1_288' title='bbox 320 3573 352 3636; x_wconf 75' lang='grc' dir='ltr'><strong><em>ἐν</em></strong></span> <span class='ocrx_word' id='word_1_289' title='bbox 373 3579 437 3646; x_wconf 84' lang='grc' dir='ltr'><strong><em>τοῖς</em></strong></span> <span class='ocrx_word' id='word_1_290' title='bbox 457 3565 618 3634; x_wconf 89' lang='grc' dir='ltr'><strong><em>Λάκωσιν.</em></strong></span> 
     </span>
    </p>

    <p class='ocr_par' dir='ltr' id='par_1_8' title="bbox 444 3642 960 3739">
     <span class='ocr_line' id='line_1_38' title="bbox 444 3642 960 3739; baseline -0.004 -21"><span class='ocrx_word' id='word_1_291' title='bbox 444 3653 604 3739; x_wconf 81' lang='grc' dir='ltr'><strong><em>Φθονερὸν</em></strong></span> <span class='ocrx_word' id='word_1_292' title='bbox 624 3651 803 3739; x_wconf 84' lang='grc' dir='ltr'><strong><em>ἀνθρώποις</em></strong></span> <span class='ocrx_word' id='word_1_293' title='bbox 823 3648 879 3718; x_wconf 89' lang='grc' dir='ltr'><strong><em>τόδ</em></strong></span> <span class='ocrx_word' id='word_1_294' title='bbox 884 3647 895 3676; x_wconf 77' lang='grc'><strong><em>’</em></strong></span> <span class='ocrx_word' id='word_1_295' title='bbox 919 3642 960 3716; x_wconf 86' lang='grc' dir='ltr'><strong><em>αῦ</em></strong></span> 
     </span>
    </p>

    <p class='ocr_par' dir='ltr' id='par_1_9' title="bbox 80 3737 1258 4254">
     <span class='ocr_line' id='line_1_39' title="bbox 170 3737 900 3822; baseline -0.005 -16"><span class='ocrx_word' id='word_1_296' title='bbox 170 3739 347 3820; x_wconf 75' lang='grc' dir='ltr'><strong><em>Κταμίνοις</em></strong></span> <span class='ocrx_word' id='word_1_297' title='bbox 367 3738 416 3805; x_wconf 76' lang='grc' dir='ltr'><strong><em>ἐπ’</em></strong></span> <span class='ocrx_word' id='word_1_298' title='bbox 441 3741 570 3821; x_wconf 82' lang='grc' dir='ltr'><strong><em>αῖζηοῖσι</em></strong></span> <span class='ocrx_word' id='word_1_299' title='bbox 592 3745 771 3822; x_wconf 83' lang='grc' dir='ltr'><strong><em>καυχᾶσθαι</em></strong></span> <span class='ocrx_word' id='word_1_300' title='bbox 792 3737 900 3822; x_wconf 83' lang='grc' dir='ltr'><strong><em>μίγα.Ι</em></strong></span> 
     </span>
     <span class='ocr_line' id='line_1_40' title="bbox 81 3822 1258 3914; baseline -0.003 -22"><span class='ocrx_word' id='word_1_301' title='bbox 81 3825 151 3894; x_wconf 90' lang='lat' dir='ltr'><strong><em>Huc</em></strong></span> <span class='ocrx_word' id='word_1_302' title='bbox 174 3827 249 3892; x_wconf 91' lang='lat' dir='ltr'>illud</span> <span class='ocrx_word' id='word_1_303' title='bbox 260 3847 373 3914; x_wconf 87' lang='lat' dir='ltr'>quoque</span> <span class='ocrx_word' id='word_1_304' title='bbox 395 3832 441 3890; x_wconf 90' lang='lat' dir='ltr'><strong><em>est</em></strong></span> <span class='ocrx_word' id='word_1_305' title='bbox 460 3825 649 3892; x_wconf 83' lang='lat' dir='ltr'>referendum</span> <span class='ocrx_word' id='word_1_306' title='bbox 678 3825 755 3912; x_wconf 91' lang='lat' dir='ltr'>quod</span> <span class='ocrx_word' id='word_1_307' title='bbox 775 3825 807 3890; x_wconf 91' lang='lat' dir='ltr'><strong><em>in</em></strong></span> <span class='ocrx_word' id='word_1_308' title='bbox 828 3823 966 3911; x_wconf 82' lang='lat' dir='ltr'>Legibus</span> <span class='ocrx_word' id='word_1_309' title='bbox 988 3822 1076 3888; x_wconf 83' lang='lat' dir='ltr'>diuit:</span> <span class='ocrx_word' id='word_1_310' title='bbox 1119 3823 1258 3905; x_wconf 85' lang='grc' dir='ltr'><strong><em>Λυκομ-</em></strong></span> 
     </span>
     <span class='ocr_line' id='line_1_41' title="bbox 81 3907 1257 3998; baseline -0.003 -22"><span class='ocrx_word' id='word_1_311' title='bbox 81 3917 132 3992; x_wconf 80' lang='grc' dir='ltr'><strong><em>βίς</em></strong></span> <span class='ocrx_word' id='word_1_312' title='bbox 161 3909 252 3998; x_wconf 82' lang='grc' dir='ltr'><strong><em>ἀρχή.</em></strong></span> <span class='ocrx_word' id='word_1_313' title='bbox 306 3915 462 3996; x_wconf 76' lang='grc' dir='ltr'><strong><em>Κρατῖνος</em></strong></span> <span class='ocrx_word' id='word_1_314' title='bbox 489 3912 521 3975; x_wconf 70' lang='grc' dir='ltr'><strong><em>ἓν</em></strong></span> <span class='ocrx_word' id='word_1_315' title='bbox 548 3907 683 3992; x_wconf 87' lang='grc' dir='ltr'><strong><em>Νόμοις,</em></strong></span> <span class='ocrx_word' id='word_1_316' title='bbox 717 3912 770 3974; x_wconf 85' lang='grc' dir='ltr'><strong><em>τὸν</em></strong></span> <span class='ocrx_word' id='word_1_317' title='bbox 796 3911 1005 3993; x_wconf 74' lang='grc' dir='ltr'><strong><em>Πολέμαρχον</em></strong></span> <span class='ocrx_word' id='word_1_318' title='bbox 1032 3912 1147 3990; x_wconf 83' lang='grc' dir='ltr'><strong><em>δηλοῦν,</em></strong></span> <span class='ocrx_word' id='word_1_319' title='bbox 1180 3907 1257 3994; x_wconf 81' lang='grc' dir='ltr'><strong><em>πρὸς</em></strong></span> 
     </span>
     <span class='ocr_line' id='line_1_42' title="bbox 81 3989 1258 4083; baseline -0.003 -22"><span class='ocrx_word' id='word_1_320' title='bbox 81 3996 119 4061; x_wconf 79' lang='grc' dir='ltr'><strong><em>ὃν</em></strong></span> <span class='ocrx_word' id='word_1_321' title='bbox 147 3992 363 4083; x_wconf 75' lang='grc' dir='ltr'><strong><em>ἀπεγράφοντο</em></strong></span> <span class='ocrx_word' id='word_1_322' title='bbox 391 3995 447 4074; x_wconf 85' lang='grc' dir='ltr'><strong><em>τὰς</em></strong></span> <span class='ocrx_word' id='word_1_323' title='bbox 475 3994 685 4080; x_wconf 81' lang='grc' dir='ltr'><strong><em>ἀπροστασίου</em></strong></span> <span class='ocrx_word' id='word_1_324' title='bbox 707 3997 803 4070; x_wconf 90' lang='grc' dir='ltr'><strong><em>δίκας.</em></strong></span> <span class='ocrx_word' id='word_1_325' title='bbox 847 3995 1043 4075; x_wconf 74' lang='grc' dir='ltr'><strong><em>Λυκαμβίδα</em></strong></span> <span class='ocrx_word' id='word_1_326' title='bbox 1065 3995 1099 4056; x_wconf 78' lang='grc' dir='ltr'><strong><em>δὲ</em></strong></span> <span class='ocrx_word' id='word_1_327' title='bbox 1119 3989 1180 4058; x_wconf 77' lang='grc' dir='ltr'><strong><em>εἶπε</em></strong></span> <span class='ocrx_word' id='word_1_328' title='bbox 1201 3993 1258 4076; x_wconf 81' lang='grc' dir='ltr'><strong><em>τὴν</em></strong></span> 
     </span>
     <span class='ocr_line' id='line_1_43' title="bbox 80 4079 1258 4178; baseline -0.003 -30"><span class='ocrx_word' id='word_1_329' title='bbox 80 4082 182 4166; x_wconf 85' lang='grc' dir='ltr'><strong><em>ἀρχὴν</em></strong></span> <span class='ocrx_word' id='word_1_330' title='bbox 203 4089 263 4125; x_wconf 77' lang='lat'><strong><em>⁹⁹⁰</em></strong></span> <span class='ocrx_word' id='word_1_331' title='bbox 306 4082 358 4148; x_wconf 85' lang='lat' dir='ltr'><strong><em>Sic</em></strong></span> <span class='ocrx_word' id='word_1_332' title='bbox 370 4079 557 4168; x_wconf 87' lang='lat' dir='ltr'>Hesychius:</span> <span class='ocrx_word' id='word_1_333' title='bbox 579 4089 700 4170; x_wconf 84' lang='lat' dir='ltr'>apparet</span> <span class='ocrx_word' id='word_1_334' title='bbox 720 4090 817 4146; x_wconf 90' lang='lat' dir='ltr'>autem</span> <span class='ocrx_word' id='word_1_335' title='bbox 838 4081 870 4147; x_wconf 88' lang='lat' dir='ltr'><strong><em>iu</em></strong></span> <span class='ocrx_word' id='word_1_336' title='bbox 892 4087 1024 4144; x_wconf 86' lang='lat' dir='ltr'>extrema</span> <span class='ocrx_word' id='word_1_337' title='bbox 1045 4079 1148 4178; x_wconf 73' lang='lat' dir='ltr'>glossa</span> <span class='ocrx_word' id='word_1_338' title='bbox 1189 4101 1258 4145; x_wconf 87' lang='lat' dir='ltr'><strong><em>uae·</em></strong></span> 
     </span>
     <span class='ocr_line' id='line_1_44' title="bbox 82 4162 1257 4254; baseline -0.001 -22"><span class='ocrx_word' id='word_1_339' title='bbox 82 4168 152 4232; x_wconf 88' lang='lat' dir='ltr'><strong><em>dam</em></strong></span> <span class='ocrx_word' id='word_1_340' title='bbox 182 4168 346 4250; x_wconf 83' lang='lat' dir='ltr'>excidisse,</span> <span class='ocrx_word' id='word_1_341' title='bbox 390 4189 464 4252; x_wconf 90' lang='lat' dir='ltr'>quae</span> <span class='ocrx_word' id='word_1_342' title='bbox 490 4167 578 4232; x_wconf 83' lang='lat' dir='ltr'>facile</span> <span class='ocrx_word' id='word_1_343' title='bbox 606 4167 754 4232; x_wconf 87' lang='lat' dir='ltr'>addideris</span> <span class='ocrx_word' id='word_1_344' title='bbox 784 4187 823 4230; x_wconf 87' lang='lat' dir='ltr'><strong><em>cx</em></strong></span> <span class='ocrx_word' id='word_1_345' title='bbox 843 4165 968 4246; x_wconf 86' lang='lat' dir='ltr'>Photio‚</span> <span class='ocrx_word' id='word_1_346' title='bbox 1011 4185 1059 4250; x_wconf 90' lang='lat' dir='ltr'><strong><em>qm</em></strong></span> <span class='ocrx_word' id='word_1_347' title='bbox 1080 4168 1150 4254; x_wconf 69' lang='grc' dir='ltr'><strong><em>μθ</em></strong></span> <span class='ocrx_word' id='word_1_348' title='bbox 1194 4162 1257 4248; x_wconf 75' lang='grc'><strong><em>,4.</em></strong></span> 
     </span>
    </p>
   </div>
   <div class='ocr_carea' id='block_1_3' title="bbox 80 4247 1258 4512">
    <p class='ocr_par' dir='ltr' id='par_1_10' title="bbox 80 4247 1258 4512">
     <span class='ocr_line' id='line_1_45' title="bbox 80 4247 1257 4336; baseline -0.005 -18"><span class='ocrx_word' id='word_1_349' title='bbox 80 4253 159 4318; x_wconf 81' lang='lat' dir='ltr'>haec</span> <span class='ocrx_word' id='word_1_350' title='bbox 191 4254 324 4318; x_wconf 78' lang='lat' dir='ltr'>exhibet:</span> <span class='ocrx_word' id='word_1_351' title='bbox 367 4254 539 4336; x_wconf 81' lang='grc' dir='ltr'><strong><em>Λυκαμβίς</em></strong></span> <span class='ocrx_word' id='word_1_352' title='bbox 565 4247 659 4335; x_wconf 84' lang='grc' dir='ltr'><strong><em>ἀρχή·</em></strong></span> <span class='ocrx_word' id='word_1_353' title='bbox 693 4257 749 4316; x_wconf 89' lang='grc' dir='ltr'><strong><em>τοῦ</em></strong></span> <span class='ocrx_word' id='word_1_354' title='bbox 776 4247 986 4334; x_wconf 85' lang='grc' dir='ltr'><strong><em>πολεμάρχου·</em></strong></span> <span class='ocrx_word' id='word_1_355' title='bbox 1018 4256 1161 4334; x_wconf 80' lang='grc' dir='ltr'><strong><em>ψυχρῶς·</em></strong></span> <span class='ocrx_word' id='word_1_356' title='bbox 1193 4249 1257 4314; x_wconf 76' lang='grc' dir='ltr'><strong><em>ἐπεί</em></strong></span> 
     </span>
     <span class='ocr_line' id='line_1_46' title="bbox 82 4328 1256 4446; baseline -0.003 -44"><span class='ocrx_word' id='word_1_357' title='bbox 82 4336 271 4446; x_wconf 71' lang='grc' dir='ltr'><strong><em>ἔπολίμησεγ</em></strong></span> <span class='ocrx_word' id='word_1_358' title='bbox 297 4335 472 4440; x_wconf 79' lang='grc' dir='ltr'><strong><em>Ἀρχίλοχος</em></strong></span> <span class='ocrx_word' id='word_1_359' title='bbox 502 4343 547 4443; x_wconf 64' lang='grc' dir='ltr'><strong><em>τόγ’</em></strong></span> <span class='ocrx_word' id='word_1_360' title='bbox 572 4332 754 4444; x_wconf 62' lang='grc' dir='ltr'><strong><em>ᾼυκάμβει·</em></strong></span> <span class='ocrx_word' id='word_1_361' title='bbox 789 4338 838 4402; x_wconf 76' lang='lat' dir='ltr'>tat</span> <span class='ocrx_word' id='word_1_362' title='bbox 866 4336 899 4399; x_wconf 80' lang='grc' dir='ltr'><strong><em>δὲ</em></strong></span> <span class='ocrx_word' id='word_1_363' title='bbox 916 4328 1039 4436; x_wconf 35' lang='grc' dir='ltr'><strong><em>,τοῦτον</em></strong></span> <span class='ocrx_word' id='word_1_364' title='bbox 1066 4335 1256 4401; x_wconf 79' lang='grc' dir='ltr'><strong><em>ἀποστασίου</em></strong></span> 
     </span>
     <span class='ocr_line' id='line_1_47' title="bbox 82 4421 1258 4512; baseline -0.003 -24"><span class='ocrx_word' id='word_1_365' title='bbox 82 4426 137 4488; x_wconf 84' lang='grc' dir='ltr'><strong><em>καί</em></strong></span> <span class='ocrx_word' id='word_1_366' title='bbox 163 4425 328 4512; x_wconf 78' lang='grc' dir='ltr'><strong><em>ίαικληρου</em></strong></span> <span class='ocrx_word' id='word_1_367' title='bbox 354 4424 388 4490; x_wconf 79' lang='lat' dir='ltr'><strong><em>oi</em></strong></span> <span class='ocrx_word' id='word_1_368' title='bbox 415 4425 497 4489; x_wconf 84' lang='grc' dir='ltr'><strong><em>δίκαι</em></strong></span> <span class='ocrx_word' id='word_1_369' title='bbox 528 4445 707 4510; x_wconf 56' lang='grc' dir='ltr'><strong><em>υπηγοντο.Υ</em></strong></span> <span class='ocrx_word' id='word_1_370' title='bbox 738 4421 926 4488; x_wconf 84' lang='lat' dir='ltr'>Polemarchr</span> <span class='ocrx_word' id='word_1_371' title='bbox 953 4443 1059 4488; x_wconf 84' lang='lat' dir='ltr'>munus</span> <span class='ocrx_word' id='word_1_372' title='bbox 1085 4441 1150 4490; x_wconf 91' lang='lat' dir='ltr'><strong><em>cum</em></strong></span> <span class='ocrx_word' id='word_1_373' title='bbox 1176 4425 1258 4486; x_wconf 90' lang='lat' dir='ltr'>esset</span> 
     </span>
    </p>
   </div>
   <div class='ocr_carea' id='block_1_4' title="bbox 0 0 1526 5070">
    <p class='ocr_par' dir='ltr' id='par_1_11' title="bbox 0 0 1526 5070">
     <span class='ocr_line' id='line_1_48' title="bbox 0 0 1526 5070; baseline 0 0"><span class='ocrx_word' id='word_1_374' title='bbox 0 0 1526 5070; x_wconf 95' lang='lat' dir='ltr'><strong><em> </em></strong></span> 
     </span>
    </p>
   </div>
  </div>
 </body>
</html>
