3000 5048
323 317 384 384 DE
404 317 547 395 nanto.
569 317 756 392 COMOED.
774 317 882 395 h‘r'r.
902 326 1047 408 Ammo
1130 388 1133 394 ,
1207 323 1273 402 tua

98 489 238 550 uteretur
258 481 345 552 et'ob
367 487 398 554 id
418 489 512 578 ipsum
526 489 681 576 plurimum
702 495 816 579 tempus
829 493 965 560 Corinthi
985 498 1177 586 transigeret,
1197 521 1271 566 sano

96 572 196 720 potuit
217 570 427 661 Theopompus
448 575 489 637 ita
510 573 681 656 instituere,
711 583 744 639 ut
763 575 947 665 Aphrodisia
970 581 1051 665 ista,
1073 583 1177 668 quibus
1197 585 1272 652 Phi-

109 656 219 719 onides
241 657 415 739 interesset,
438 655 575 723 Corinthi
596 660 825 726 celebrarentur.

187 741 308 808 Admeti
334 742 517 824 comoediae,
546 764 629 830 quam
657 745 714 809 scri
736 746 776 810 sit
797 746 1022 836 Theopompus,
1050 751 1148 815 tenuis
1172 757 1272 818 exstat

95 828 244 896 memoria
269 827 345 928 apud
365 826 551 892 Athenaeum
570 827 639 897 XV.
657 851 689 930 p.
710 767 774 895 deo
793 829 839 909 A,
867 833 921 898 sed
941 833 1058 898 videtur
1082 835 1120 902 ad
1146 835 1270 902 eandem

94 913 232 980 fabulam
261 912 341 976 almd
366 913 565 999 fragmentum
589 920 756 1002 pertmere,
784 917 860 1002 quod
889 917 1000 1006 legitur
1025 918 1133 984 ibidem
1159 919 1212 988 vl.
1240 943 1269 1010 p.

93 997 164 1064 264
185 996 231 1062 A:
263 997 426 1061 Θετταλῶν
447 995 481 1060 δέ
506 994 652 1081 λεγόντων
672 999 828 1077 Πενέστας
855 1000 929 1077 τοδς
953 1001 997 1085 μὴ
1023 999 1103 1090 ηάνῳ
1130 1001 1269 1082 δοάλους,

95 1081 150 1147 διδ
170 1080 309 1229 πολέμρυ
332 1080 363 1146 δ’
386 1077 556 1166 ἡλωκότας,
587 1078 771 1166 Θεόπομπος
797 1084 930 1169 νυμικδς
954 1085 1206 1176 ἀποχρησάμενος
1231 1095 1270 1178 τῇ
1362 1169 1365 1174 Ι

122 1191 148 1232 ω
256 1187 305 1232 ο·

94 1191 119 1254 φ
149 1193 193 1316 m.
209 1190 417 1316 ῩηΔεσπάτου·
436 1251 581 1327 πενέστου
602 1249 682 1337 ῥυσοὶ
702 1250 915 1340 βουλευτήρια.

91 1337 212 1404 Refero
237 1337 317 1402 hunc
341 1357 459 1402 uersum
487 1336 525 1402 ad
545 1335 718 1420 Admetum,
760 1340 942 1428 potissimum
963 1340 1099 1426 quoniam
1120 1336 1269 1424 δεσπότης

91 1421 242 1504 πενέστης
262 1422 300 1486 de
326 1442 401 1510 rego
422 1421 593 1504 Thessalo,
634 1423 683 1508 qui
728 1425 841 1490 uamvis
868 1425 976 1507 herus,
1018 1425 1145 1490 inferior
1171 1433 1268 1492 tamen

92 1508 193 1573 sorvis
215 1513 310 1588 esset,
331 1507 405 1570 satis
425 1505 454 1570 le
474 1506 523 1570 ide
544 1511 574 1570 et
593 1506 690 1572 facete
709 1443 817 1574 dictum
839 1516 900 1574 est:
933 1531 1052 1574 servum
1073 1515 1168 1574 autem
1188 1511 1269 1595 loqui

91 1592 236 1675 arbitror,
257 1592 307 1676 qui
328 1612 416 1656 senes
437 1527 474 1654 ab
495 1589 623 1654 Admeto
643 1591 677 1654 in
698 1593 850 1658 consilium
872 1593 1018 1658 adhibitos
1036 1594 1079 1658 ita
1100 1595 1267 1682 compellat:

91 1683 123 1741 et
144 1675 223 1765 apud
244 1676 416 1764 Euripidem
437 1694 549 1760 quoque
574 1674 608 1738 in
628 1677 804 1762 cognomine
830 1677 932 1742 fabula
952 1679 1059 1743 chorus
1087 1699 1127 1742 ex
1147 1680 1268 1744 senibus

90 1759 256 1826 Thessalis
277 1766 406 1826 constat:
436 1757 503 1846 ipsa
524 1779 594 1822 veru
615 1759 689 1824 haec
709 1761 803 1826 oratio
824 1783 947 1850 prorsus
974 1763 1012 1827 ad
1033 1764 1176 1850 tragicam
1198 1785 1270 1850 gra·

88 1849 215 1996 ritrptprp
245 1843 400 1910 ridendam
426 1843 586 1931 composita
612 1850 674 1928 est,
716 1865 867 1936 compares
893 1846 1077 1934 Aeschylum
1104 1849 1137 1911 iu
1161 1848 1266 1914 Persis

88 1951 120 1998 v.
215 1951 225 1993 ι

49 2013 52 2019 ’
175 2010 268 2097 Πρδς
287 2006 369 2093 τάδ’,
390 2005 432 2088 ὥς
454 2008 552 2090 οὕτως
572 2009 808 2095 έχόντωντῶνδε
829 2011 1001 2096 σύμβουλοι
1021 2010 1113 2098 λόγου

179 2097 286 2161 Τοῢδέ
304 2123 358 2178 μοι
379 2097 502 2182 periodo
523 2101 655 2180 Περσῶν
675 2099 811 2184 γηραλέα
832 2095 1024 2181 πιστώματα.

88 2183 180 2248 Theo
202 2201 318 2270 ompum
331 2189 427 2247 autem
441 2183 682 2248 verisimillimum
704 2191 750 2248 est
765 2185 797 2248 in
809 2185 865 2249 hac
884 2184 986 2250 fabula
998 2183 1172 2248 tractavisse
1192 2183 1265 2250 illud

87 2267 126 2332 de
137 2201 267 2332 Admeto
280 2266 468 2332 etAlcestide
479 2267 599 2350 reduce,
611 2269 704 2353 deque
710 2269 840 2333 Hercule
853 2276 1068 2356 argumentum,
1082 2289 1138 2353 quo
1150 2268 1266 2352 quidem

87 2359 267 2439 argumento
293 2353 352 2416 iam
373 2351 533 2440 Euripides
560 2354 603 2416 ita
627 2373 699 2417 usus
727 2362 807 2434 erat,
838 2361 871 2416 ut
897 2354 934 2417 ad
955 2354 1094 2418 comicam
1116 2351 1265 2418 levitatem

85 2457 180 2536 prope
207 2436 369 2500 accederet.
410 2435 547 2500 Pertinet
568 2444 663 2502 autem
684 2437 757 2501 haec
784 2437 886 2502 fabula
912 2437 950 2503 ad
971 2438 1113 2518 mediam,
1140 2459 1200 2501 non
1226 2438 1265 2502 ad

87 2535 238 2606 nunquam
256 2521 439 2586 comoediam
470 2527 501 2584 et
521 2543 581 2584 una
610 2543 650 2585 ex
677 2523 833 2608 postremis
855 2521 1042 2610 Theopompi
1068 2521 1176 2586 fabulis
1207 2527 1263 2603 est,

85 2607 117 2671 id
140 2605 218 2692 quod
246 2605 347 2690 arguit
365 2605 494 2668 Perouis
515 2607 705 2690 unguentarii
726 2607 977 2686 commemoratio,
1011 2607 1068 2670 vid.
1090 2606 1262 2670 Athenaeus

85 2691 155 2760 XV.
199 2691 293 2756 .690
312 2689 359 2753 A:
386 2683 582 2770 Μνημονεύει
611 2694 667 2752 τοῦ
688 2687 874 2770 μυροπώλου
901 2685 1012 2752 τοάτου
1038 2693 1094 2753 τοῦ
1116 2689 1263 2774 Πέρωνος

86 2778 138 2840 καλ
163 2711 350 2856 (intumum
370 2773 402 2837 έν
420 2770 562 2857 Ἀδμήτῳ
583 2775 635 2836 καλ
657 2774 689 2837 έν
704 2770 880 2858 Ἡδυχάρει.
907 2773 1055 2838 Peronem
1075 2775 1163 2836 istum
1185 2791 1263 2848 com-

86 2871 231 2926 memorat
263 2859 350 2924 etiam
377 2855 610 2924 Anaxandrides
642 2858 675 2921 in
700 2858 868 2924 Protesilao
899 2858 977 2948 apud
1006 2857 1194 2924 Athenaeum
1226 2881 1261 2924 eo

86 2945 171 3026 leco,
194 2965 279 3029 quem
301 2943 380 3026 dixi,
403 2950 433 3006 et
453 2943 522 3006 Xll.
544 2964 572 3030 p.
593 2943 658 3009 5⁵3
679 2943 727 3006 D:

172 3024 279 3112 Μάρῳ
301 3029 335 3092 δέ
355 3027 440 3111 παρὰ
461 3026 624 3114 Πέρωνος,
647 3017 740 3112 οὗπερ
762 3024 895 3092 άπέδοτο

166 3112 278 3195 Ἐχθὲς
298 3108 501 3199 Μελανώπῳ,
530 3115 730 3190 πολυτελοῦς,
750 3111 934 3198 Αἷγυπτέου,

165 3190 218 3263 Ὧι
240 3202 294 3262 νῦν
315 3196 430 3282 άλεέφει
451 3195 524 3272 τοὺς
545 3193 643 3272 πόδας
663 3193 912 3282 Καλλιστράτου.

85 3285 134 3370 qni
155 3305 262 3350 versus
289 3283 331 3346 ita
357 3289 427 3348 sunt
453 3281 634 3370 explicandi:
672 3286 847 3366 Unguento
875 3305 898 3345 α
925 3285 1073 3362 Ρτνοαε,
1097 3287 1257 3360 pretioso,

84 3373 269 3453 Aegyptio,
290 3373 383 3454 quod
399 3368 554 3432 άνενανιιο
577 3373 632 3432 die
653 3371 832 3445 Melampu
854 3367 1015 3442 vendidit,
1039 3387 1127 3429 πυυο
1148 3370 1258 3428 eodem

87 3460 284 3518 callistrati
307 3458 412 3531 pedae
434 3458 627 3534 permulcet.
672 3451 835 3542 Compositi
867 3457 962 3516 autem
997 3449 1028 3514 hi
1054 3469 1159 3514 uersus
1189 3455 1258 3514 sunt

85 3540 123 3604 ad
144 3541 240 3628 ipsius
261 3544 293 3602 ut
313 3537 430 3602 uidetur
450 3537 579 3602 Peronis
600 3537 825 3602 inconstantiam
854 3535 1071 3623 castigandam,
1078 3535 1150 3682 1γρηὶ
1171 3533 1256 3598 modo

83 3621 246 3712 Melanopo
274 3623 397 3703 lavent,
424 3621 510 3686 modo
532 3643 550 3686 a
571 3619 735 3688 Callistrati
760 3621 894 3722 partibus
921 3619 1048 3686 steterit:
1115 3617 1255 3706 elanopus

84 3709 163 3772 euim
185 3716 218 3774 et
239 3707 426 3774 Callistratus
455 3708 487 3770 in
518 3729 552 3771 re
591 3707 668 3772 blica
695 3705 927 3772 admunistranda
953 3703 1147 3794 gravissimas
1168 3723 1255 3768 exer-

84 3802 209 3858 cuerunt
234 3792 418 3858 inimicitias:
460 3791 520 3856 uisi
555 3798 619 3856 orte
645 3791 764 3856 ultimus
785 3813 889 3856 remur
910 3791 953 3855 ita
973 3795 1020 3854 est
1040 3785 1254 3874 explanandus,

84 3885 199 3944 utnon
221 3875 387 3943 dePerone
409 3877 522 3944 dicatum
541 3897 644 3942 uerum
666 3877 702 3941 de
723 3875 894 3966 Melanopo,
915 3895 999 3960 quem
1019 3879 1106 3960 poeta
1125 3871 1253 3936 fortasse

104 3985 138 4028 ro
158 3971 242 4028 terea
267 3971 370 4028 notare
397 3961 506 4044 voluit,
549 3961 625 4048 quod
672 3983 754 4026 mum
782 3961 866 4028 firmo
892 3964 973 4025 esset
999 3957 1111 4038 animo,
1153 3955 1196 4020 ita
1222 3965 1253 4020 nt
1330 3987 1334 3996 ·

83 3983 112 4113 b
156 4050 259 4114 'suam
285 4047 371 4113 modo
398 4047 573 4129 assentiret,
601 3981 687 4111 modo
715 4046 935 4112 adversaretur:
969 4041 1146 4192 Melampus
1173 4041 1251 4106 enim

83 4132 148 4216 ille,
168 4133 225 4198 etsi
246 4131 393 4197 diversam
415 4133 591 4218 sequebatur
611 4133 796 4214 sententiam,
818 4139 915 4197 tamen
936 4147 1025 4216 saepe
1046 4149 1064 4190 a
1108 4125 1251 4190 allistrato

84 4219 210 4365 pecunia
236 4223 389 4306 corruptus
416 4217 506 4282 cessit
532 4217 716 4282 adversario:
750 4237 834 4304 quam
862 4213 1015 4280 avaritiam
1042 4211 1071 4276 ei
1092 4211 1251 4300 exprobrat

113 4301 262 4368 lutarchns
282 4301 315 4366 in
335 4303 397 4366 vita
417 4301 627 4368 Demosthenis
647 4323 678 4368 v.
698 4303 754 4368 13:
781 4302 847 4366 Kar
860 4291 1067 4374 Μελάνωπος,
1096 4293 1249 4360 ἀντιπολι-

84 4382 243 4470 Τωόμένθς
263 4383 489 4478 Καλλιστράτη
515 4389 567 4453 καλ
593 4382 738 4465 πολλάκις
760 4379 815 4452 δυ’
845 4382 944 4452 αὐτοῦ
967 4379 1108 4470 χρήμασι,
1124 4403 1249 4464 μετατι-
