3042 5070
351 311 411 384 on
431 309 575 390 annuo.
597 311 785 392 eunoun.
806 311 914 398 run.
934 283 1082 394 irruo.
1256 319 1297 386 n

112 507 181 573 γειν
200 482 240 550 τὸ
263 475 516 550 dimidiationem.
559 482 719 570 Κοιμιρδεῒ
736 477 832 548 αὐτὸν
852 481 1048 567 Κρατῖνος
1067 483 1128 554 καὶ
1151 477 1199 560 ὣς
1221 479 1299 548 od-

92 595 188 637 ·κοο
217 577 381 654 γυναῖκα
406 563 670 650 μοιχεύσαντα
698 568 763 630 καὶ
790 565 880 651 τρία
910 563 1081 642 τάλαντα
1102 565 1224 633 δόντα
1244 573 1300 646 alc

111 656 162 724 τὸ
181 655 233 738 μὴ
257 657 451 736 κριθῆναι.
481 649 565 725 Quod
593 651 723 716 sirecte
745 672 835 740 supra
857 652 970 716 conieci
990 654 1067 720 hanc
1087 653 1216 720 fabulam
1239 675 1300 719 non

114 741 210 807 multo
237 745 307 828 post
328 737 446 826 Olymp.
467 734 626 802 LXXXII.
649 739 680 801 3.
708 735 805 800 datam
833 757 916 818 esse,
955 758 1038 821 quam
1060 727 1204 802 rationehr
1226 759 1299 804 saue

114 825 292 914 efflagitare
318 823 458 888 videntur
478 821 524 886 illi
545 841 652 886 versus
675 821 725 883 uhi
749 819 903 886 Cimonem
926 821 1055 922 appellat
1081 819 1188 886 πάντ’
1219 822 1299 910 ι’έρι-

115 935 193 976 στον
219 914 282 974 τῶν
311 906 370 993 πρὸ
397 911 468 984 τοῦ,
508 906 583 970 haec
610 905 646 970 de
675 903 775 970 Callia
801 905 961 994 Hipponion
984 906 1062 988 lilio,
1089 909 1138 1056 lm
1165 907 1299 975 Socratis

115 993 346 1080 [uitaequalim
368 1013 490 1081 prorsus
512 1011 572 1054 non
594 996 778 1078 congruunt:
817 997 848 1054 at
868 997 936 1054 ante
958 991 1057 1056 omnia
1077 991 1098 1056 il
1111 992 1150 1057 ud
1172 1001 1299 1058 estnon
1365 1055 1368 1060 ,
1395 1065 1401 1078 ,

118 1078 346 1230 σοηὶὶροοᾶοιο,
368 1078 443 1162 quod
464 1097 525 1142 non
547 1096 670 1140 necesse
683 1075 839 1140 estomnia
853 1074 890 1140 ad
912 1097 1001 1140 uuam
1022 1076 1201 1162 eandemque
1223 1076 1298 1144 Cra·

121 1168 178 1233 tim
224 1163 339 1230 atulam
365 1163 488 1228 referre.
536 1159 751 1226 Memoraverit
777 1181 850 1224 sane
876 1160 910 1226 iu
940 1159 1128 1226 Archilochis
1156 1160 1297 1230 Cratinus

125 1249 251 1316 Calliam
271 1247 414 1332 aliquem,
448 1245 608 1335 Hipponici
635 1244 744 1326 lilium,
778 1245 888 1309 dixerit
914 1245 946 1324 iu
969 1245 1027 1309 alia
1047 1245 1149 1310 fabula
1171 1243 1297 1313 Calliam

129 1356 198 1405 aere
219 1333 310 1398 alieno
332 1333 467 1396 obrutum
489 1353 575 1414 esse,
615 1330 714 1394 eidem'
731 1329 872 1394 obiecerit
891 1330 923 1394 iu
946 1329 1005 1394 alia
1026 1331 1189 1412 comoedia,
1221 1331 1298 1417 quod

129 1419 217 1484 Phoci
238 1439 361 1482 uxorem
382 1415 539 1481 violaverit
567 1421 597 1480 et
624 1415 734 1480 divitiis
762 1415 871 1478 iudicia
893 1416 1065 1504 corruperit.
1112 1415 1197 1482 Nihil
1219 1418 1297 1482 enim

126 1503 201 1570 alind
222 1503 291 1567 licet
312 1502 386 1566 satis
408 1509 489 1566 certo
518 1499 555 1564 ad
576 1497 773 1564 Archilochos
795 1500 925 1582 referre,
962 1521 1047 1585 quam
1094 1501 1150 1566 uod
1191 1502 1297 1566 nimum

120 1589 248 1676 iegitur,
272 1585 398 1652 Calliam
421 1607 488 1650 esse
511 1583 670 1674 Hipponici
692 1583 798 1648 lilium:
827 1584 884 1648 luit
904 1591 1000 1649 autem
1024 1522 1136 1650 Callias
1157 1523 1224 1668 ile,
1247 1587 1297 1673 qui

119 1669 349 1747 λακκόπλοοτος
376 1671 549 1749 vocabatur,
584 1669 633 1753 qui
659 1671 767 1734 missus
795 1675 841 1732 est
866 1669 984 1756 legatus
1006 1669 1043 1734 ad
1065 1669 1225 1736 Persarum
1247 1693 1296 1740 re·

117 1779 187 1846 gem
209 1777 369 1846 pacemque
391 1753 633 1820 commodissimis
656 1753 872 1818 conditionibus
894 1755 1079 1836 concihavit,
1111 1754 1164 1820 sed
1190 1755 1222 1822 in
1247 1757 1294 1823 ius

116 1850 257 1923 verume,
280 1841 415 1926 quoniam
439 1839 524 1904 donis
547 1861 565 1903 a
587 1860 660 1925 rege
682 1845 836 1926 corruptus
858 1859 926 1902 esse
948 1840 1142 1926 arguebatur:
1187 1841 1295 1908 lactum

117 1935 217 1994 antem
249 1928 307 1992 hoc
334 1934 381 1990 est
406 1926 471 1990 lere
503 1944 538 1988 eo
569 1923 635 2010 ipso
662 1929 809 2010 tempere,
853 1943 908 2008 qno
937 1921 1043 1988 Cimon
1075 1933 1206 1989 mortuus
1238 1931 1293 1990 est

116 2013 272 2078 Diodorus
294 2010 356 2078 Sic.
373 2009 442 2075 XII.
454 2009 490 2074 ll:
506 2002 768 2071 Ὑποκοοσάντοιν
780 2009 814 2070 δι’
825 2005 1067 2090 triumuiralem
1077 2011 1126 2071 nal
1150 2005 1295 2090 πεμψάν-

118 2123 178 2162 των
200 2097 344 2183 πρέσβεις
366 2089 611 2178 αὐτοκράτορας,
643 2081 687 2156 ὧν
708 2088 805 2176 ἡγεῖτο
829 2092 969 2168 Καλλίας
990 2088 1208 2175 ὅἹππονίκοο,
1229 2095 1294 2178 ἐγί-

120 2208 207 2248 νοντο
239 2186 394 2264 συνθῆκαι
422 2181 488 2265 περὶ
515 2185 569 2262 τῆς
591 2175 709 2263 εἰρήνης
735 2187 800 2252 τοῖς
818 2175 993 2260 Ἀθηναίοις
1014 2179 1065 2241 καὶ
1087 2187 1150 2255 τοῖς
1171 2178 1293 2261 συμμά-

113 2294 183 2351 χοις
205 2267 284 2353 πρὸς
304 2266 376 2344 τοὺς
397 2265 541 2351 Πέρσας,
563 2251 606 2328 ὧν
628 2265 692 2329 ἔστι
713 2261 753 2327 τὰ
782 2260 935 2349 κεφάλαια
962 2268 1062 2328 ταῦτα
1088 2299 1131 2314 -·
1157 2269 1294 2328 συντελε-

116 2359 255 2420 σθεισῶν
277 2351 310 2432 dl
330 2358 392 2416 τῶν
412 2351 553 2416 σπονδῶν
569 2347 729 2431 Ἀθηναῖοι
751 2347 808 2424 τὰς
830 2344 973 2429 δυνάμεις
994 2343 1151 2434 ἀπήγαγον
1178 2351 1211 2414 ἔκ
1237 2355 1293 2432 τῆς

116 2436 269 2526 Κύπρου,
291 2436 436 2523 λαμπρὰν
456 2436 512 2518 μέν
533 2436 617 2516 νίκην
638 2430 835 2514 νενικηκότες,
858 2430 1100 2519 ἐπιφανεστάτας
1121 2433 1153 2498 δέ
1174 2433 1293 2518 cundri-

116 2550 175 2602 κας
202 2522 409 2605 πεποιημένοι.
436 2521 547 2602 συνέβη
570 2519 604 2584 δὲ
624 2517 677 2584 τὸν
698 2520 830 2599 Κίμωνα
858 2522 924 2604 περὶ
947 2518 1002 2600 τὴν
1028 2515 1154 2604 Κύπρον
1175 2522 1293 2603 διατρί-

115 2617 218 2693 βοντα
245 2605 326 2695 νόσῳ
356 2611 542 2688 τελευτῆσαι.
593 2603 774 2688 Quamquam
807 2604 882 2668 haec
915 2603 1067 2668 admodum
1095 2603 1234 2693 ambigua
1262 2613 1293 2669 et

119 2695 210 2761 dubia
236 2701 313 2760 sunt.
355 2693 437 2758 Idem
464 2698 530 2780 post
555 2689 785 2754 Lacedaemona
812 2688 929 2776 legatus
955 2689 1063 2752 missus
1089 2688 1194 2754 foedus
1223 2693 1291 2754 con-

119 2781 247 2862 ciliavit,
279 2779 339 2844 vid.
367 2777 491 2842 Diodor.
520 2774 589 2839 XII.
615 2777 652 2840 7:
696 2773 839 2847 Σπονδὰς
866 2771 896 2836 d'
928 2774 1074 2856 ἐποίησαν
1099 2774 1291 2856 τριακονταέ-

122 2891 193 2944 τιις,
225 2864 367 2929 Kallion
394 2865 445 2929 aul
471 2855 620 2941 Χάρητος
641 2858 835 2937 συνθεμένων
860 2859 910 2920 καὶ
938 2855 994 2939 τήν
1019 2853 1139 2942 εἰρήνην
1158 2864 1292 2940 βεβαιω-

124 2948 248 3016 σάντων.
291 2949 320 3012 le
344 2947 451 3012 ationis
492 2945 618 3033 articeps
640 2944 697 3008 luit
718 2943 806 3006 etiam
827 2940 1014 3023 AndocideS,
1057 2943 1183 3008 oratoris
1206 2964 1290 3026 avus,

120 3036 177 3101 vid.
201 2970 385 3100 Andocidem
405 3033 455 3117 qui
472 2968 595 3110 licitur,
624 3027 661 3094 de
676 3049 748 3118 pace
768 3029 799 3094 7.
820 3025 1000 3092 Aeschinem
1023 3026 1059 3092 de
1081 3027 1158 3092 salsa
1178 3027 1291 3116 Legat.

117 3123 190 3188 179.
235 3117 298 3185 Sed
319 3140 393 3204 quae
414 3118 451 3182 de
473 3116 529 3182 hoc
550 3113 649 3180 Callia
668 3119 849 3194 narrentur,
871 3112 1005 3178 difficilia
1025 3120 1094 3176 sunt
1114 3113 1291 3199 multumque

117 3207 175 3272 sihi
196 3226 269 3270 reu
315 3211 381 3267 ant:
424 3203 460 3266 de
483 3201 529 3264 his
557 3200 651 3288 igitur
678 3197 737 3262 alio
766 3197 830 3264 loco
859 3197 984 3262 dicetur:
1027 3196 1100 3264 illud
1121 3205 1219 3263 tamen
1240 3221 1291 3289 ap-

116 3299 202 3380 paret
224 3225 351 3357 hallam
373 3310 408 3351 eo
430 3295 577 3388 tempore,
611 3305 667 3369 quo
689 3283 764 3348 haec
789 3281 891 3348 fabula
920 3281 988 3346 data
1016 3289 1080 3364 est,
1114 3283 1209 3348 virum
1231 3283 1290 3349 ela·

116 3399 182 3442 rum
205 3383 236 3439 et
256 3375 345 3438 rebus
375 3372 470 3458 gestIs
491 3371 641 3456 rnsiguem
661 3368 771 3458 fuisse,
809 3368 905 3431 ita-ut
927 3365 1067 3434 Cratinus
1090 3391 1155 3433 eum
1176 3371 1209 3433 in
1230 3368 1290 3434 Ar·

118 3460 261 3526 chilochis
288 3459 439 3522 natavisse
467 3456 613 3520 videatur:
657 3475 696 3518 ex
719 3451 907 3516 Archilochis
929 3461 1024 3518 autem
1045 3453 1205 3519 scholiasta
1225 3453 1290 3518 Lu·

118 3547 197 3611 ciani
219 3544 294 3608 nihil
335 3544 430 3607 refert
451 3541 509 3606 nisi
529 3541 600 3620 hoc,
626 3538 786 3627 Hipponici
809 3537 898 3602 filium
922 3538 1030 3602 luisse:
1075 3547 1172 3602 cetera
1193 3545 1290 3604 autem

118 3639 150 3694 ut
178 3630 216 3694 ad
244 3565 366 3694 eaudhm
394 3627 523 3692 sabulum
551 3623 715 3688 referamus
742 3623 817 3686 nihil
845 3644 967 3687 necesse
994 3629 1048 3686 est.
1092 3622 1153 3688 Sed
1175 3623 1290 3708 quaeri-

117 3723 166 3780 tur
192 3736 278 3800 quem
305 3712 431 3779 Calliam
463 3719 599 3795 tanquam
625 3711 807 3791 στιγματίαν
834 3709 989 3772 vexaverit
1016 3707 1172 3790 Cratinus,
1216 3729 1290 3794 quae

118 3821 179 3866 vox
201 3801 229 3864 si
250 3799 292 3863 ita
313 3797 490 3886 explicanda
511 3803 571 3875 est,
607 3795 648 3858 uti
670 3795 764 3858 visum
785 3793 940 3880 interpreti
960 3793 1104 3873 Luciaui,
1131 3815 1168 3855 ne
1189 3815 1225 3856 ue
1246 3794 1291 3858 sic
1392 3872 1395 3876 ¹

119 3895 151 3952 ut
171 3885 281 3972 vulgo,
315 3883 351 3947 de
381 3883 498 3946 homine
527 3881 575 3964 qui
596 3879 722 3966 ignobili
766 3899 855 3941 encre
876 3878 933 3941 l'uit
953 3877 1095 3943 oriundus
1116 3813 1290 3965 explicanda

118 3978 176 4053 cst,
196 3971 226 4034 id
239 3969 424 4057 opprobrium
438 3966 554 4030 videtur
564 3985 637 4028 sane
651 3965 687 4029 ad
701 3900 826 4029 Calliam
847 3963 991 4028 iuniorem
1003 3962 1190 4027 referendum
1211 3985 1289 4043 esse,

120 4075 205 4141 quern
231 4054 327 4143 potuit
352 4050 493 4118 Cratinus
525 4059 669 4134 tamquam
698 4049 845 4114 homiuem
867 4049 1023 4136 prodigum
1051 4055 1080 4110 et
1101 4069 1170 4112 aere
1192 4047 1289 4112 alieno

120 4143 255 4206 obrutum
276 4161 402 4203 vexare:
430 4137 546 4202 videtur
567 4143 662 4199 autem
680 4132 793 4199 Callias
815 4133 865 4196 ille
887 4134 945 4197 iam
966 4146 1033 4196 ante
1075 4133 1147 4196 atris
1169 4141 1289 4198 mortem

120 4245 260 4312 maguam
283 4225 341 4287 vim
368 4224 446 4286 aeris
474 4221 564 4286 alieni
586 4219 777 4284 conflavisse:
810 4227 894 4306 pater
920 4227 1015 4282 autem
1038 4153 1220 4305 llipponicus
1242 4204 1291 4282 oc·
1389 4259 1392 4266 ·

121 4311 192 4374 cidit
217 4311 249 4374 in
279 4308 391 4397 proelio
414 4307 449 4370 ad
473 4305 591 4370 Delium
613 4303 784 4368 LXXXIX.
808 4307 841 4368 l:
886 4300 999 4368 Callias
1028 4311 1123 4366 autem
1154 4313 1290 4391 paterno-

121 4415 187 4462 rum
207 4396 352 4460 honorum
373 4410 490 4482 compos
511 4392 607 4456 lactus
627 4391 713 4458 brevi
739 4407 842 4454 omnes
863 4408 934 4480 opes
957 4387 1128 4454 dilaceravit
1148 4396 1179 4453 et
1199 4405 1291 4476 gran·
1412 4399 1415 4406 “
