3004 5048
259 269 325 338 288
641 265 1047 346 COMMENTATIONES
1096 273 1099 278 '
1176 329 1179 333 .

283 442 366 508 uibus
392 439 445 506 ille
473 439 601 506 fortasse
622 435 835 529 Ecphantidem
860 437 987 503 maxime
1013 437 1197 527 perstringit.
1245 435 1306 503 Sed
1332 442 1367 503 ut
1393 439 1431 504 ad

262 463 471 594 l’herecratem
498 530 664 589 revertatur
688 523 799 605 oratio,
831 543 963 608 eaquae
989 521 1026 588 de
1055 530 1229 610 argumento
1260 530 1290 587 et
1313 527 1433 590 ratione

262 613 343 679 illius
365 611 482 676 fabulae
503 630 577 696 quae
593 607 721 692 Ἀγαθοί
742 608 886 696 inscripta
905 607 976 690 fuit,
1005 615 1151 696 comperta
1177 607 1337 691 habemus,
1379 631 1433 674 ne·

262 717 406 784 quaquam
427 715 463 758 eo
484 715 530 758 me
552 692 708 776 adducunt,
730 693 946 758 utherecrati
967 692 1139 758 abiudicem.
1159 691 1303 757 Fortasse
1323 699 1434 777 autem,

264 783 291 848 si
314 780 508 845 coniecturam
529 799 602 842 sane
623 779 764 842 incertam
785 777 818 841 iu
839 777 935 842 medio
956 798 1120 866 proponere
1141 776 1219 860 licet,
1242 799 1304 842 cum
1316 777 1434 844 Phere-

264 874 361 932 crates
382 864 507 953 lepidam
529 863 606 926 banc
626 863 759 928 fabulam
777 863 961 950 scripsisset,
1001 869 1105 951 postea
1126 860 1263 945 Strattis,
1303 863 1351 927 cui
1376 864 1434 928 boc

263 951 401 1016 sollerter
422 948 620 1036 excogitatum
640 947 815 1036 placuisset,
842 945 965 1012 eandem
985 947 1115 1012 fabulam
1135 948 1236 1036 paucis
1258 947 1434 1033 quibusdam
1465 969 1470 985 ·

263 1035 392 1102 fortasse
412 1033 571 1098 immutatis
593 1040 643 1098 aut
663 1033 819 1113 detractis,
851 1052 925 1117 quae
952 1053 971 1096 a
996 1031 1170 1098 recentioris
1197 1033 1302 1099 aetatis
1331 1033 1435 1099 condi·

264 1121 344 1186 done
365 1118 575 1200 abhorrebant,
594 1124 703 1182 motato
724 1123 879 1206 praeterea
899 1116 993 1199 titulo,
1015 1117 1056 1201 (is
1078 1117 1157 1182 enim
1177 1116 1324 1204 ἀργυρίου
1346 1115 1434 1204 dapa-

264 1203 372 1284 νιομὸν
392 1201 581 1292 inscripsisse
602 1202 747 1284 videtum)
776 1221 830 1266 suo
855 1201 974 1267 nomine
999 1203 1133 1292 repetiit,
1160 1209 1194 1266 ut
1218 1203 1288 1268 inde
1313 1203 1375 1269 ista
1397 1203 1434 1269 de

264 1296 382 1356 auctore
404 1288 546 1352 dubitatio
571 1287 659 1352 facile
679 1286 807 1376 potuerit
827 1285 909 1351 oriri.
950 1285 1047 1350 Plane
1068 1287 1169 1351 eodem
1191 1287 1277 1352 modo
1298 1289 1435 1376 ambige·

263 1375 337 1440 bant
362 1373 399 1437 de
426 1379 544 1438 auctore
571 1372 756 1460 cognominis
783 1371 966 1451 comoediae,
1001 1392 1086 1456 quam
1118 1371 1169 1436 alii
1190 1369 1338 1460 Epigoni,
1382 1373 1434 1438 alii

263 1457 430 1548 Antiphani
449 1457 651 1522 vindicabant:
685 1477 760 1542 quae
786 1455 901 1542 quidem
929 1455 1030 1520 fabula
1052 1454 1205 1520 consimile
1226 1464 1433 1544 argumentum

186 1563 190 1574 ’
264 1545 415 1622 tractavit;
450 1543 621 1606 documento
649 1548 695 1606 est
720 1541 793 1606 illud
818 1541 1016 1628 fragmentum
1044 1563 1090 1629 ap.
1111 1541 1299 1606 Athenaeum
1325 1541 1383 1608 IX.
1405 1565 1433 1632 p.
1488 1589 1489 1594 η

264 1626 330 1694 409
350 1627 395 1692 D:
437 1628 517 1710 Περὶ
546 1625 579 1690 δὲ
604 1631 661 1691 τοῦ
689 1621 834 1689 εὐώδεσιν
854 1625 999 1706 χρίεσθαι
1025 1624 1081 1701 τὰς
1106 1635 1212 1711 χεῖρας
1229 1623 1388 1714 Ἐπιγένης
1413 1626 1434 1710 ἢ

260 1709 444 1800 Ἀντιφάνης
465 1713 497 1776 ἓν
514 1711 673 1797 Ἀργυρίου
694 1708 862 1860 &perrumpi
884 1705 997 1786 οὕτως·

754 1797 786 1858 ab
807 1791 875 1860 τότε

349 1881 465 1968 Πτίριν
486 1877 629 1963 πατήσεις
655 1878 816 1960 κάπονίψει
837 1877 917 1944 κατὰ
936 1875 1052 1966 τρόπον

350 1968 418 2042 Τὰς
435 1975 555 2050 χεῖρας,
576 1962 676 2047 εὗῶθη
698 1963 803 2045 λαβὼν
822 1962 878 2048 τὴν
897 1967 964 2048 γῆν.

264 2054 374 2121 Talem
396 2053 474 2118 enim
495 2051 584 2115 vitam
611 2051 698 2114 finxit
717 2056 819 2138 poeta,
862 2049 912 2114 ubi
939 2049 1073 2114 homines
1098 2049 1215 2116 mollem
1242 2051 1349 2117 filicem
1371 2053 1431 2118 cal·

264 2144 367 2204 carent
399 2147 429 2200 et
458 2143 539 2200 terra
566 2136 644 2198 bene
669 2133 767 2199 olente
797 2139 935 2222 tanquam
961 2141 1114 2224 unguento
1144 2137 1191 2200 usi
1223 2138 1433 2226 abstergerent

264 2243 378 2288 manus.

348 2305 411 2369 lam
433 2304 470 2369 de
491 2299 550 2368 alia
569 2303 759 2368 Pherecratio
782 2303 931 2370 comoedia
950 2302 1021 2369 item
1040 2309 1158 2370 rehres
1179 2305 1317 2392 magistri
1339 2307 1432 2371 ambi·

265 2395 353 2480 gunt,
380 2410 454 2474 quae
481 2389 539 2452 fuit
561 2391 730 2471 Μεταλλεῖς
751 2388 907 2476 inscripta:
939 2409 1024 2474 quam
1045 2387 1258 2454 Eratosthenes
1280 2390 1319 2454 ad
1338 2390 1431 2456 Nico·

264 2476 397 2542 maehum
419 2479 566 2537 auctorem
587 2473 702 2537 reterre
722 2471 825 2553 voluit,
846 2472 905 2538 vid.
915 2471 1093 2562 Harpocrat.
1104 2497 1133 2564 p.
1146 2475 1220 2582 tro,
1231 2477 1281 2539 222
1297 2473 1385 2539 Ἔστι
1399 2476 1431 2540 δι’

264 2563 314 2626 καί
336 2561 442 2642 δρᾶμα
465 2554 674 2643 Φερεκράτους
694 2560 883 2636 Μεταλλεῖς,
912 2555 984 2643 ὅπερ
1006 2554 1185 2640 Νικόμαχον
1205 2583 1282 2645 φησι
1302 2584 1395 2624 aanor
1416 2600 1432 2614 ·

264 2643 347 2710 κέναι
366 2643 591 2729 Ἐρατοσθένης
612 2643 644 2705 ἒν
665 2639 788 2729 ἑβδόμην
809 2644 875 2725 περί
902 2647 958 2726 τῆς
978 2642 1108 2728 ἀρχαίας
1132 2667 1199 2724 κωμ
1228 2646 1310 2720 attare
1336 2653 1368 2710 et
1396 2586 1432 2712 de

266 2737 383 2796 auctore
405 2727 571 2792 comoediae
592 2727 752 2792 dubitatum
774 2747 842 2792 esse
862 2729 950 2792 etiam
971 2728 1145 2794 Athenaeus
1165 2668 1233 2798 llll.
1254 2751 1282 2819 p.
1303 2729 1369 2796 685
1392 2730 1431 2796 Α,

264 2815 390 2881 indicat:
428 2809 467 2877 ‘O
490 2812 523 2875 dl
543 2812 714 2894 πεποιηκὼς
740 2811 812 2889 τοὺς
833 2815 875 2888 εἰς
900 2810 995 2877 αὐτὸν
1015 2813 1252 2898 (Pherecratem)
1275 2812 1432 2902 ἀναφερο-

263 2899 374 2982 μένους
395 2899 568 2972 Μεταλλεῖς
614 2899 683 2980 ησίν
703 2902 769 2962 κτλ.
806 2897 1021 2963 Eratosthenes
1044 2905 1140 2964 autem
1161 2900 1289 2965 maxime
1309 2908 1433 2989 propter

263 2985 433 3068 inusitatum
463 3003 559 3070 genus
586 2921 719 3064 dicendi,
762 2983 836 3082 puod
868 2983 964 3047 minus
990 2982 1121 3048 Atticum
1147 2984 1311 3069 videretur,
1351 2985 1461 3076 hanch
1488 2991 1489 3044 t

263 3069 394 3135 fabulam
420 3066 610 3148 Pherecrati,
649 3067 698 3152 qui
725 3074 850 3156 optumus
877 3067 957 3132 attici
983 3069 1127 3133 sermonis
1156 3077 1257 3134 auctor
1283 3091 1303 3134 a
1368 3093 1434 3135 am·
1462 3065 1467 3076 ’

264 3153 378 3218 maticis
403 3151 627 3240 perhibebatur,
660 3152 861 3239 abrogandam
887 3154 1011 3228 censuit:
1054 3151 1263 3219 Eratosthenis
1289 3155 1320 3220 iu
1352 3157 1433 3230 cium

265 3238 358 3304 secuti
399 3243 468 3301 sunt
509 3235 566 3300 viri
610 3237 714 3300 summi
750 3234 964 3324 Bernhardyus
1006 3237 1044 3302 ad
1077 3237 1267 3303 Eratosthen.
1308 3261 1339 3328 p.
1363 3243 1434 3307 23⁰

265 3330 298 3386 et
321 3321 491 3386 Meinekius
518 3319 550 3384 in
578 3318 698 3394 Quaest
718 3319 808 3386 Scen.
834 3321 875 3388 ss.
897 3343 926 3412 p.
946 3325 999 3388 33.
1039 3321 1177 3387 Pertinet
1200 3324 1259 3390 buc
1285 3323 1361 3410 quod
1394 3344 1433 3390 ex

168 3445 173 3452 -
265 3405 462 3471 Eratosthene
484 3405 572 3470 allert
591 3405 716 3470 Photius
738 3427 766 3493 p.
778 3408 831 3488 32,
844 3407 899 3471 12:
918 3405 1032 3481 Ἐὐθὺς
1042 3409 1197 3471 Λυκείου·
1218 3407 1276 3492 (sic
1297 3409 1433 3474 scriben-
1488 3419 1489 3424 ’

265 3489 347 3572 dum,
380 3511 447 3552 nam
470 3491 545 3574 quod
572 3490 664 3578 vulgo
692 3491 803 3578 legitur
830 3489 908 3554 εὐθεῖ
930 3491 1067 3556 Λυκείου
1089 3491 1171 3557 nullo
1197 3500 1282 3582 pacto
1307 3493 1432 3583 probari

283 3581 369 3654 otest,
392 3574 448 3637 etsi
468 3575 524 3639 boc
543 3575 608 3664 ipso
630 3583 804 3662 argumento
826 3576 917 3640 utitur
936 3576 1140 3664 Bernhardy,)
1162 3574 1198 3642 τὸ
1219 3579 1261 3654 εἰς
1275 3576 1431 3643 Λύκειον·

262 3597 338 3724 bhsv
355 3657 584 3743 Ἐρατοσθένης
611 3661 661 3722 καί
683 3660 735 3724 διὰ
761 3664 854 3724 τοῦτο
881 3656 1042 3726 ὑποπτεύει
1068 3661 1142 3738 τούς
1161 3659 1350 3740 Μεταλλεῖς·
1378 3666 1430 3728 καί

261 3742 430 3831 Εὐριπίδης
453 3739 507 3806 οὐκ
529 3741 648 3826 ὀρθῶς·

349 3827 417 3911 Τὴν
437 3825 533 3902 εὐθὺς
546 3827 675 3913 ’Άργους
696 3825 900 3913 κάπιδαυρίας
920 3825 1002 3894 ὁδόν.
1413 3897 1416 3904 ,
1442 3891 1444 3896 .

262 3916 306 3979 At
326 3920 384 4004 ego
406 3913 521 4000 quidem
551 3934 611 3978 non
632 3913 778 3996 adducor,
804 3920 837 3978 ut
864 3917 1011 3980 assentiar
1038 3914 1142 3980 horum
1163 3915 1294 3981 umorum
1318 3915 1430 3981 iudicio

264 4005 293 4063 et
319 4001 355 4064 ob
382 4000 460 4064 banc
492 3997 583 4062 solam
611 4019 729 4063 causam
755 3999 884 4065 fabulam
905 4001 1080 4066 Pherecrati
1106 4001 1257 4088 abrogem.
1299 4000 1347 4067 lta
1371 4002 1430 4066 boc

261 4084 377 4173 ipsum,
421 4104 477 4170 quo
499 4081 715 4148 Eratosthenes
748 4106 817 4150 usus
847 4091 908 4166 est,
951 4091 1155 4172 argumentum
1180 4107 1284 4175 parum
1311 4087 1428 4151 firmum

262 4177 323 4233 est:
365 4189 434 4233 nam
461 4167 518 4232 etsi
545 4166 623 4230 ctat
645 4169 681 4231 ab
705 4166 800 4244 εὐθὺς
826 4170 862 4232 ἰα
884 4170 1028 4234 communi
1054 4191 1192 4252 sermone
1217 4191 1327 4269 magno
1352 4191 1428 4236 sane

260 4252 416 4332 intervallo
439 4251 595 4317 discretum
619 4259 698 4332 erat,
726 4259 824 4316 tamen
845 4254 946 4319 eadem
968 4254 1071 4341 origo,
1093 4255 1196 4320 eadem
1216 4264 1296 4318 notro
1317 4256 1428 4320 utrius-
1488 4265 1489 4278 ¹

262 4359 316 4424 que
338 4335 471 4402 vocabuli
495 4345 560 4402 erat
586 4338 744 4425 principio:
788 4339 884 4422 itaque
910 4358 972 4402 non
996 4341 1116 4421 mirum,
1159 4341 1280 4426 siquod
1304 4342 1335 4404 in
1357 4339 1425 4404 aliis
