3004 5048
316 377 377 447 DE
398 377 542 457 RELIQ.
564 377 752 448 COMOED.
773 375 880 448 ATT.
901 377 1048 456 anule
1152 413 1154 419 ·
1197 374 1262 453 333

75 545 237 637 ·'disputnt,
277 567 449 635 quamquam
477 569 550 614 sane
570 539 701 614 musicae
729 547 801 612 artis
823 535 935 630 studia,
978 535 1077 633 qualia
1103 533 1262 636 antiquitus

84 633 220 715 iuemnt,
248 632 389 698 describit
414 635 446 699 in
467 633 545 698 Nub.
566 653 595 698 v.
616 631 680 700 964
701 653 782 720 seqq.
823 630 934 700 Verum
955 653 1050 718 neque
1076 643 1180 722 postea
1203 636 1262 702 ista

82 717 271 786 consuetudo
291 717 472 799 intermissa,
494 717 547 782 sed
559 723 645 782 aucta
666 717 753 782 etiam
775 723 806 782 et
824 716 940 782 rationo
961 718 1142 801 confirmata,
1162 719 1260 806 itaque

81 803 445 1037 pttbttttttttt
456 801 788 976 llfflisdlilll
802 802 1263 956 titttttttttttttt
1366 893 1369 902 ·

109 977 266 1054 ocrstem,
292 993 377 1059 quem
406 972 444 1038 ad
470 971 587 1072 modum
612 971 798 1058 Protagorae
819 977 1038 1060 ceterorumque
1064 973 1261 1064 sophistarum

83 1055 886 1226 fiffiisyllil⁸llllld⁸e¹lllbl⁰ffll“labilis
1245 1077 1249 1086 ’

160 1219 226 1292 Ὧν
248 1225 304 1292 aba
325 1224 494 1310 ἐδιδάχθης
515 1222 633 1291 πώποτ’
656 1223 760 1308 οόδένς
787 1225 853 1290 εἰσί
870 1249 934 1306 μοι.

167 1306 298 1394 Πότερα
315 1314 381 1397 περὶ
402 1311 523 1398 μέτρων
542 1307 562 1394 ἢ
584 1312 650 1396 περὶ
672 1312 754 1376 ἐπῶν
774 1308 793 1394 ἢ
816 1307 966 1396 (luitperto,-

79 1415 158 1482 quae
185 1397 294 1464 deiude
325 1396 490 1462 accuratius
516 1397 719 1486 persequitur:
762 1402 865 1461 errant
891 1402 987 1460 autem
1007 1393 1057 1482 qui
1083 1395 1141 1462 ista
1168 1399 1259 1463 verba

80 1482 151 1564 mol
172 1481 257 1549 ἐπῶν
278 1481 316 1548 ad
335 1482 441 1572 poesin
465 1481 616 1563 referunt,
639 1481 676 1546 de
697 1501 754 1566 qua
774 1481 849 1546 nibil
876 1482 995 1546 omnino
1016 1479 1086 1547 dicit
1107 1481 1258 1566 Socrates,

79 1566 171 1632 immo
198 1567 362 1656 respiciunt
395 1567 612 1655 grammaticam
642 1564 724 1630 illam
751 1565 928 1644 doctrinam,
960 1585 1046 1650 quasa
1072 1566 1258 1656 Protagoras

81 1649 269 1735 bertolocors
280 1651 449 1742 appellavit,
471 1671 613 1736 quamque
635 1649 763 1714 illustrat
775 1648 914 1714 Socrates
935 1649 1034 1715 iodea
1054 1672 1083 1716 u.
1095 1653 1161 1728 658
1175 1674 1258 1742 seqq.

80 1736 158 1822 quod
181 1738 248 1824 ipse
269 1739 396 1802 comicus
417 1743 504 1824 poeta
524 1736 653 1800 sonasse
675 1735 774 1822 attigit
793 1735 826 1798 in
846 1733 943 1800 Rauis
964 1755 995 1801 v.
1006 1735 1105 1802 1189:

160 1817 227 1885 'isa
250 1819 289 1903 δὴ
311 1819 396 1904 λίγ’·
419 1819 455 1883 οδ
478 1821 536 1904 γὰρ
557 1818 686 1900 μούστὶν
707 1816 778 1882 ἄλλ)
802 1817 956 1884 ἀκουστέα

171 1910 246 1968 Τῶν
266 1910 329 1968 σῶν
350 1900 509 1988 προλόγων
528 1909 583 1985 τῆς
605 1900 776 1988 ὀρθότητος
796 1910 857 1968 τεόν
878 1905 969 1972 ἐπῶν.

79 1990 120 2056 cf.
142 1989 225 2054 Plat.
245 1989 376 2053 Phaedr.
398 2011 426 2078 p.
436 1989 500 2053 267
515 1987 561 2052 D:
582 1985 805 2074 Πρωταγόρεια
827 1989 875 2066 δέ,
898 1979 923 2054 ὦ
943 1981 1121 2072 Σώκρατες,
1143 1985 1200 2054 oda
1220 1981 1258 2072 ἦν
1352 1997 1357 2006 “

76 2075 187 2158 μέντοι
214 2071 334 2138 τοιαῦτ’
358 2070 454 2154 όίττοις
497 2073 567 2138 ΣΩ.
593 2072 776 2156 Ὀρθοόιιεια
802 2075 838 2158 yt
860 2098 920 2152 τις,
949 2065 974 2138 ὦ
1001 2078 1072 2156 noi,
1099 2075 1151 2138 scol
1177 2071 1257 2140 ἄλλα

79 2156 184 2222 πολλὰ
213 2160 263 2222 καὶ
286 2155 375 2222 καλό.
417 2178 587 2244 quamquam
609 2157 763 2224 Remorum
784 2159 899 2245 quidem
925 2157 977 2224 ille
997 2157 1079 2226 locus
1100 2159 1197 2250 potius
1219 2159 1258 2226 ad

78 2242 205 2308 Prodici
226 2247 319 2308 arbem
340 2241 516 2309 referendus
539 2243 670 2326 videtur,
702 2243 752 2332 qui
773 2243 811 2310 de
840 2245 1003 2326 sententia,
1025 2265 1100 2332 quac
1120 2245 1258 2310 subesset

78 2326 246 2410 vocabulis,
267 2329 437 2414 quaerebat,
458 2327 518 2394 vid.
538 2327 627 2394 Plato
647 2327 832 2417 Protagoras
853 2349 882 2418 p.
899 2325 964 2394 340
985 2327 1024 2393 A.

168 2409 266 2478 Tales
287 2421 382 2478 autem
405 2412 607 2498 quaestiones,
637 2415 738 2500 qualos
766 2413 843 2504 apud
863 2411 1095 2503 Aristophanem
1116 2411 1256 2479 Socrates

77 2494 251 2586 Strepsiadi
270 2497 417 2588 proponit,
438 2497 635 2586 Protagoram
648 2499 821 2564 tractavisse
832 2500 905 2563 satis
927 2519 1072 2588 superque
1085 2509 1206 2588 apparet
1217 2521 1257 2564 ex

78 2579 263 2666 Aristotele,
283 2584 327 2648 uti
348 2583 385 2648 de
406 2583 603 2669 sophistarum
625 2583 757 2647 elenchis
779 2581 882 2648 cell:
913 2583 1115 2663 Σολοικισμὸς
1136 2583 1170 2647 δὲ
1191 2579 1256 2650 οἷον

78 2666 138 2749 μέν
159 2667 243 2730 ἔστιν
264 2665 381 2748 εἴρηται
403 2661 566 2750 πρότερον·
597 2664 660 2730 ἔστι
683 2667 829 2730 δὲταῦτα
856 2668 908 2730 καὶ
935 2674 1030 2730 ποιεῖν
1049 2669 1100 2730 καὶ
1121 2668 1166 2750 μὴ
1187 2693 1257 2731 ποι-

80 2757 178 2814 οῦντα
199 2751 366 2836 φαίνεσθαι
387 2751 438 2814 καὶ
459 2754 608 2814 ποιοῦντα
627 2749 672 2831 μὴ
694 2753 811 2814 δοκεῖν·
838 2745 980 2856 καθάπερ
1003 2745 1020 2814 ὃ
1041 2749 1256 2836 Πρωταγόρας

79 2832 197 2920 ἔλεγεν,
226 2831 290 2900 stt
316 2839 431 2918 μῆνις
450 2837 501 2898 καὶ
529 2830 689 2918 ducite}
718 2833 811 2918 lippae
836 2835 932 2898 ἐστίν·
962 2834 1056 2916 opole
1081 2835 1139 2920 γὰρ
1160 2838 1256 2920 λόγων

80 2917 231 3002 οδλομέ
235 2944 304 3002 νην
328 2920 487 2998 σολοικίζει
511 2919 568 3002 μὲν
588 2918 659 2984 κατ’
682 2921 808 2996 ἐκεῖνον,
840 2918 877 2984 οδ
899 2919 1039 3006 φαίνεται
1060 2921 1095 2984 δὲ
1113 2929 1178 2998 τοῖς
1199 2919 1256 2985 dl-

80 3009 165 3083 λοις,
201 3002 218 3070 d
247 3005 281 3068 δέ
308 3003 512 3085 οὐλόμενον
537 3005 679 3094 φαίνεται
705 3005 777 3086 μέν,
809 3002 880 3068 attt'
904 3002 941 3069 οό
968 3007 1136 3084 σολοικίζει.
1176 3006 1256 3073 idem

80 3089 208 3156 Rhetor.
229 3089 285 3155 lll.
305 3090 343 3158 5:
373 3089 529 3174 Τέταρτον
534 3138 545 3168 ,
567 3085 609 3166 ὡς
628 3085 844 3174 Πρωταγόρας
863 3087 903 3154 τό
922 3091 993 3174 γένη
1013 3093 1075 3156 τῶν
1096 3089 1256 3174 ὀνομάτων

81 3171 180 3261 διῄρει
202 3171 241 3261 όίρ
263 3199 316 3239 ενα
335 3176 386 3238 καὶ
408 3171 506 3256 θήλεα
527 3176 579 3239 καὶ
600 3173 709 3258 σκεύη·
736 3177 786 3239 δεῖ
801 3174 860 3258 γὰρ
882 3171 1062 3240 ἀποδιδόναι
1083 3177 1135 3240 καὶ
1155 3183 1256 3242 ταῦτα

81 3257 199 3345 ὀρθῶς.
241 3201 304 3326 lam
341 3281 406 3325 cum
437 3259 507 3325 inde
538 3261 575 3325 ab
610 3259 821 3348 antiquissimis
853 3261 1032 3362 temporibus
1065 3261 1193 3326 musicae
1225 3270 1256 3328 et

81 3343 293 3432 grammaticae
321 3343 419 3410 studia
442 3345 555 3410 fuerint
581 3345 751 3430 coniuncta,
778 3365 852 3411 saue
878 3353 965 3410 cbaos
986 3344 1111 3434 Eupolis
1137 3346 1255 3412 induxit

81 3429 225 3516 aliquem,
252 3429 302 3515 qui
322 3435 474 3516 utramque
496 3429 657 3495 doctrinam
678 3429 833 3520 proderet,
858 3430 976 3495 videtur
996 3439 1092 3496 autem
1118 3431 1171 3496 ille
1191 3432 1255 3518 qoi-

81 3535 204 3601 cumque
229 3513 349 3579 taudem
368 3514 441 3596 luit,
474 3514 512 3579 ad
532 3515 730 3604 sophistarum
750 3515 891 3580 navidem
911 3515 993 3580 illam
1014 3515 1198 3604 disciplinam
1219 3537 1254 3582 se

81 3599 365 3682 accommodavisse,
407 3617 565 3685 eorumque
596 3619 678 3666 more
705 3621 733 3664 m
797 3621 843 3665 am
869 3599 1061 3666 institutionis
1088 3601 1252 3666 mercedem

81 3685 241 3774 exegisse,
261 3705 400 3770 quorsum
420 3690 534 3774 spectat
552 3684 625 3750 illud
646 3685 723 3772 quod
770 3684 854 3750 oidas
874 3683 917 3752 Τ.
936 3685 992 3751 111.
1012 3707 1042 3776 p.
1061 3686 1127 3753 683
1147 3685 1251 3751 affert:

78 3767 139 3856 χρή
162 3802 206 3822 -·
226 3769 366 3854 σημαίνει
386 3767 421 3832 δὲ
440 3765 476 3832 τό
497 3769 569 3851 δίη·
590 3767 724 3846 Εὔπολις
734 3771 846 3847 Αἰξίν·

303 3851 389 3956 ἕδρα)
405 3857 487 3954 ,τελῶ
504 3831 560 3954 τόν
579 3851 824 3954 percutientibus³
848 3850 887 3960 όν
904 3858 977 3941 χρῇ.
1102 3939 1111 3956 .
1182 3939 1191 3956 ·

81 3939 611 4111 tttttttstbttltttttf
625 3939 795 4113 istit
809 3944 1249 4110 tttt'ttttlailltttttt

38 4175 39 4180 γ
81 4115 256 4173 mercedem
277 4131 512 4194 quamcumque
530 4115 773 4192 pastolarem,-
802 4109 849 4174 usi
872 4118 967 4174 autem
988 4109 1044 4174 hoc
1064 4110 1156 4175 verbo
1178 4118 1249 4176 sunt

82 4189 239 4274 Cratinus,
266 4191 445 4282 Sophocles,
477 4193 529 4259 ulii
554 4193 647 4260 Attici
692 4201 791 4270 oetae,
822 4191 882 4259 vid.
910 4213 998 4281 supra
1023 4213 1052 4282 p.
1075 4194 1138 4261 135
1159 4201 1189 4260 et
1214 4196 1248 4261 in

81 4273 313 4342 Zimmermanni
333 4277 502 4342 Annalibus
525 4279 609 4346 1835
629 4301 658 4370 p.
738 4279 853 4344 ‚Haec
874 4283 969 4342 autem
990 4286 1075 4367 pater
1095 4279 1176 4363 dicit,
1197 4282 1248 4366 qui

83 4358 160 4425 lilios
181 4361 330 4450 sophistae
355 4363 400 4428 illi
420 4363 617 4430 instituendos
637 4363 840 4430 commendare
860 4361 932 4426 vult
973 4361 1128 4452 Ingentem
1150 4372 1247 4434 autem

83 4447 245 4514 mercedem
272 4446 317 4512 illi
345 4447 483 4537 magistri
503 4448 629 4539 exigere
649 4448 800 4534 solebant,
827 4447 865 4514 de
885 4465 943 4534 qua
968 4469 1003 4514 re
1028 4449 1247 4518 accuratissime
