3018 5064
338 295 771 376 anomoeorum.
792 301 898 372 ATT.
919 303 1065 383 sumo.
1221 313 1286 382 1⁰3

190 463 319 574 :Estote
341 465 402 574 pla
428 468 492 534 ders
513 465 729 574 {leopaydpcc
750 464 768 534 ὃ
792 463 905 553 Τήιος·

189 551 415 629 Αλαζονενεται
437 551 495 634 μὲν
514 555 583 618 αλιτ
605 575 672 636 ριος

194 637 275 718 Περὶ
296 641 358 702 τῶν
375 633 547 721 μετεώρων,
568 578 608 702 vil
630 635 664 700 δὲ
674 641 829 792 <pauidas
848 637 955 705 ἓοθόει.

104 719 197 786 Addo
218 719 409 786 Plutarchum
436 721 468 786 in
495 720 653 810 Symposio
703 721 863 806 11.1,³:
907 721 1044 790 uanae
1070 725 1127 810 μέν
1148 724 1223 815 γάρ,
1256 735 1282 798 εἰ

102 801 228 886 βούλει,
249 801 344 890 πάρες
365 805 397 872 ἰν
417 803 556 882 Κόλαξιν
576 802 709 884 εἰπόντα,

188 887 227 956 Ὁ
247 887 461 976 Πρωταγόρας
482 889 596 958 ἐκέλευε
613 889 674 1000 peip
696 890 806 970 πίνειν,
830 889 883 956 ἵνα

190 975 264 1057 Πρὸ
287 981 343 1040 τοῦ
365 973 455 1050 κυνός
474 974 529 1040 τὸν
549 973 695 1058 πνενμον’
719 971 845 1042 ἔκλυτον
865 979 959 1064 φορῇ.

102 1057 168 1126 Sed
196 1060 313 1147 Olym.
345 1059 517 1126 LXXXIX.
550 1062 727 1161 lproetore
756 1059 896 1146 learcho,
939 1081 995 1148 qno
1023 1083 1101 1128 euno
1127 1063 1279 1160 Amipsias

103 1142 244 1212 Cunnum
272 1082 387 1227 dicauit,
414 1145 543 1212 nondum
570 1145 841 1214 unsaramma
867 1167 1007 1212 reversus
1034 1169 1117 1232 esse,
1150 1149 1181 1217 id
1202 1151 1279 1238 quod

100 1229 280 1294 Athenaeus
301 1237 382 1294 recte
410 1252 449 1296 ex
476 1251 512 1296 eo
541 1229 674 1330 colligit,
710 1230 786 1316 quod
813 1231 845 1294 iu
871 1232 961 1296 choro
990 1232 1187 1320 sophistarum
1209 1247 1278 1302 tune

99 1313 234 1379 Athenis
254 1313 435 1380 versantium
457 1315 494 1380 ah
515 1313 657 1406 Amipsra
673 1336 735 1382 non
760 1324 948 1399 recensetur,
970 1315 1020 1402 qui
1046 1315 1074 1382 si
1093 1317 1278 1410 Protagoras

20 1435 21 1470 3
100 1397 257 1482 affuisset,
283 1400 336 1464 vix
357 1399 422 1466 eius
443 1401 613 1468 memoriam
634 1399 830 1488 neglexisset.
870 1399 934 1468 lam
956 1401 1198 1472 verisimillimum
1220 1415 1277 1490 est,

20 1531 21 1542 ,
99 1481 302 1572 Protagoram
322 1484 447 1550 nonita
474 1483 564 1550 molto
678 1506 763 1572 qoam
785 1484 921 1550 induciae
942 1508 1059 1553 annuae
1079 1487 1158 1554 inter
1177 1489 1277 1558 Lace·

99 1567 274 1636 daemonius
300 1576 330 1633 et
352 1567 553 1636 Athenienses
597 1577 681 1636 actae
709 1569 905 1657 tranquillitos
926 1591 962 1636 ue
983 1577 1014 1638 et
1039 1573 1130 1638 otium
1156 1577 1276 1642 restitu-

99 1659 162 1718 tum
184 1660 264 1736 erat,
285 1651 422 1720 Athenas
443 1655 580 1740 venisse,
610 1654 649 1722 01
672 1655 796 1744 mpiadis
817 1653 848 1719 L
982 1702 990 1720 .
1013 1657 1032 1722 1
1055 1665 1205 1744 exuemo,
1225 1661 1275 1728 vel

97 1737 222 1804 ineunte
237 1746 378 1826 sequente
389 1760 477 1806 anno.
503 1737 545 1806 Et
565 1739 624 1808 alio
645 1676 710 1806 loco
726 1737 900 1806 Athenaeus
918 1741 1082 1808 amuratins
1104 1743 1192 1810 etiam
1212 1753 1275 1812 stu·

98 1823 163 1888 duit
184 1831 241 1888 mm
263 1845 297 1890 us
318 1823 467 1907 indicare,
488 1845 546 1910 quo
561 1823 746 1912 Protagoras
769 1821 904 1892 Athenas
925 1825 1061 1890 redierit:
1083 1848 1174 1920 supra
1194 1831 1273 1898 enim

98 1905 138 1978 V.
159 1929 188 1998 p.
254 1907 342 1992 oh,
369 1909 419 1974 uhi
441 1909 553 1976 erroris
574 1909 723 1976 convincit
741 1905 913 1995 Platonem,
947 1909 1023 1998 quod
1042 1909 1171 1979 Periclis
1193 1914 1272 1982 filios

99 2015 165 2058 cum
185 1993 358 2082 Protagora
377 1993 537 2060 secundum
558 1991 687 2060 Athenis
717 1999 914 2062 commorante
935 1991 1088 2082 loquentes
1108 1995 1273 2083 induxerit,

98 2078 170 2144 dicit
189 2077 257 2144 illos
279 2079 379 2166 quinto
401 2100 479 2144 anno
501 2086 570 2144 ante
591 2085 721 2146 mortuos
743 2100 829 2144 esse:
855 2076 961 2146 'Arva
980 2077 1044 2162 μὴν
1066 2079 1102 2144 οὗ
1125 2077 1272 2150 δύνανται

96 2160 250 2250 Πάραλος
269 2164 320 2228 καὶ
342 2158 528 2240 Ξάνθιππος
549 2163 578 2230 oi
601 2161 789 2272 Περικλέους
809 2161 870 2228 oiol
891 2161 1121 2248 τελευτήσαντες
1141 2171 1185 2278 sp*
1206 2173 1272 2233 λοι-

96 2253 146 2336 μῷ
173 2243 372 2337 Πρωταγόρᾳ
398 2247 610 2358 {scupea-tar,
644 2273 693 2316 οτε
720 2245 862 2334 δεότερον
881 2245 1053 2334 ἐπεδήμησε
1074 2275 1142 2330 ταις
1171 2252 1272 2340 Adai.
1396 2331 1399 2340 Ι

97 2357 179 2412 ναις,
203 2333 232 2398 oi
254 2333 381 2420 utputa
403 2335 461 2398 ι’τει
483 2358 630 2419 προτερον
641 2328 891 2416 «τελευτήσαντες.
935 2331 1123 2404 Athenaeum
1151 2345 1270 2412 secutus

17 2429 19 2452 '
96 2425 127 2486 et
158 2420 368 2508 interpretatas
402 2427 449 2484 est
472 2417 644 2486 Macrobius
677 2417 798 2486 Satura.
820 2417 849 2503 ¹I.
877 2417 913 2501 1,
946 2419 1007 2486 uisi
1033 2421 1109 2506 quod
1136 2430 1270 2492 exuema

95 2506 193 2574 minus
215 2511 350 2570 amurate
370 2505 529 2570 converh’t:
572 2527 657 2588 ρνοε
682 2509 785 2571 uulso
816 2518 896 2572 aare
917 2507 1057 2583 lassaris
1078 2511 1146 2573 s'lla
1163 2515 1269 2586 pesat-

95 2593 205 2656 lensia
216 2589 432 2654 Atheniensis
442 2593 662 2656 abcesserat.
706 2588 842 2656 Pericles
857 2608 929 2656 vero
942 2609 1007 2654 oum
1016 2591 1138 2656 ineunte
1150 2591 1269 2684 Olymp.

94 2673 477 2745 examinassent
497 2681 644 2762 tempore,
682 2694 742 2743 uon
771 2673 863 2738 celeri
888 2673 989 2738 morbo
1011 2681 1178 2766 correptus,
1213 2677 1269 2746 sed

94 2762 208 2830 sensim
236 2780 270 2832 co
307 2760 368 2826 oris
394 2759 508 2827 viribus
539 2757 757 2827 tabescentibus
784 2763 914 2824 mortuus
943 2757 1001 2839 sit,
1032 2759 1092 2826 vid.
1113 2760 1195 2828 Plot
1215 2763 1268 2831 vit.

92 2845 205 2912 Periol.
226 2867 251 2910 c.
307 2893 317 2926 ,
338 2843 394 2908 lilii
410 2852 507 2908 autem
521 2841 669 2928 aliquanto
690 2849 759 2906 ente
779 2839 964 2930 decesserint
985 2842 1058 2924 (vid.
1073 2841 1154 2912 Plut.
1175 2847 1267 2948 aaa

92 2926 534 3103 lldllhtdth'ttt
554 2927 697 3078 told
721 2921 1142 3079 hsssldhdtlhthd
1160 2927 1267 3084 hild

930 3059 940 3090 1

91 3110 246 3186 utromque
274 3099 450 3164 exshnetum
477 3118 545 3162 esse
594 3105 750 3183 rotagoras
787 3095 845 3160 lide
872 3095 982 3184 dignus
1010 3103 1112 3162 auctor
1144 3100 1266 3170 tradidit

92 3207 111 3258 a
130 3187 276 3274 adipsum
288 3181 479 3263 Plutarchum
496 3181 607 3248 consol.
618 3181 656 3250 ad
668 3180 769 3270 spon
788 3181 885 3264 o333
907 3201 1002 3268 neque
1016 3203 1089 3248 vero
1102 3190 1182 3253 recte
1194 3185 1266 3253 dicit

132 3271 271 3339 utarchus
291 3267 420 3336 Perichs
442 3267 570 3334 animum
591 3286 726 3334 moerore
746 3262 871 3332 fractum
893 3287 978 3348 esse;
1001 3267 1135 3354 equidem
1156 3291 1265 3360 sequor

90 3355 278 3444 Protagorae
304 3353 521 3436 aucantatem,
552 3349 602 3440 qni
622 3346 705 3421 illum
726 3371 821 3438 neque
841 3349 952 3416 vultum
974 3372 1070 3438 neque
1099 3355 1263 3424 orationem

42 3496 46 3506 “
90 3437 464 3594 hd‘shddthhhl
484 3433 1120 3606 ”aldhodidld‘hltltlh
1133 3439 1263 3592 llll?

89 3550 207 3698 quidem
237 3617 360 3676 mortem
385 3608 419 3676 in
445 3544 564 3696 Olimp.
582 3603 772 3674 LXXXVII
792 3607 814 3670 3
845 3567 991 3704 insideri·
1005 3569 1111 3673 statuo..
1157 3608 1260 3696 Itaque

88 3697 117 3764 si
137 3698 213 3764 haec
232 3703 312 3762 recte
333 3700 404 3758 sunt
424 3692 581 3781 disputata,
601 3713 663 3758 non
683 3690 783 3776 quinto
804 3709 882 3754 anno
903 3695 970 3778 post
983 3689 1100 3764 ullorum
1120 3692 1260 3762 iuvenum

88 3783 199 3855 obitum
220 3779 275 3848 sed
295 3786 381 3848 sexto
402 3777 538 3845 Athenas
560 3797 700 3844 reversus
721 3781 785 3840 est:
811 3773 902 3842 nolim
923 3782 1021 3840 tamen
1036 3775 1101 3863 'ista
1122 3777 1160 3842 ad
1180 3779 1258 3846 hauc

87 3887 221 3937 normam
232 3865 397 3953 corrigere,
416 3861 503 3954 paulo
515 3861 593 3928 enirn
604 3861 807 3950 negligentius
818 3857 1015 3950 disputavisse
1029 3859 1167 3943 videtur}
1188 3884 1258 3931 uam
1267 3895 1299 3960 ρ·

88 3974 154 4023 cnm
173 3951 337 4041 repemsset
361 3949 487 4037 qulnque
508 3968 602 4013 annos
628 3945 707 4012 inter
726 3945 854 4036 priorem
876 3945 1054 4030 amansque
1070 3943 1258 4044 Protagorae

124 4059 141 4104 r
198 4038 206 4053 ‘
229 4037 356 4104 ationem
368 4027 583 4106 Atheniensem
593 4032 762 4099 interiectos
775 4047 857 4115 esse,
879 4031 1016 4096 contnuo
1028 4029 1104 4096 dixit
1124 4052 1142 4098 a
1162 4039 1257 4102 morte

115 4143 150 4190 ar
181 4123 188 4138 '
218 4145 235 4188 e
273 4120 452 4212 Xantlrippi‚
495 4139 569 4206 quae
594 4138 656 4182 non
687 4117 730 4184 ita
745 4116 849 4186 ,multo
883 4122 952 4182 aute
986 4113 1073 4184 illius.
1093 4113 1257 4188 discessum

86 4209 209 4291 euadit,
236 4207 479 4294 'quinquennium
521 4225 614 4290 usque
737 4201 867 4273 alterum·
907 4199 1064 4268 adventurn
1105 4209 1255 4292 peractum

87 4315 164 4362 esse.
210 4291 253 4358 Et
278 4313 353 4362 saue
378 4291 473 4362 alluit
517 4289 613 4357 hiloso
633 4289 691 4356 hus
717 4288 844 4376 quinque
870 4305 981 4370 anuos,
1009 4283 1044 4350 si
1069 4280 1255 4377 Epaminoue

86 4383 237 4468 praetore,
256 4377 289 4448 h.
307 4400 335 4446 e.
357 4375 479 4470 olymp.
676 4369 816 4466 ,dpost
835 4361 964 4442 Periclis
981 4369 1095 4468 obitum
1116 4371 1254 4442 discessit
