3004 5048
297 341 384 436 ,ou
404 339 546 418 numo.
566 335 756 410 conone.
778 337 884 410 err.
903 341 1049 420 nuum.
1204 343 1270 412 aas

98 493 266 582 osanam
291 506 477 578 senonum
503 507 657 599 Anapi.
683 505 763 572 aa.
789 527 819 573 v.
840 507 896 576 ιιι
938 511 1143 599 maenaa
1175 509 1209 576 ιι
1236 504 1268 598 (a

101 599 268 685 Φρύνιχος)
290 593 333 674 ὥς
354 596 436 672 ξένος
457 596 508 658 καί
529 596 577 660 ἐπί
615 591 760 674 ανλότητι
781 590 970 674 ποιημάτων,
992 601 1043 660 καί
1060 593 1101 674 ὥς
1121 594 1269 683 ἀλλότρια

97 686 193 769 λέγων
214 685 264 747 καὶ
286 679 329 759 ὡς
348 681 533 765 κακόμιτρα.
566 619 678 749 tirum
698 676 822 766 Eupolis
843 679 1075 770 Aristophanem
1095 683 1192 772 potius
1213 683 1270 748 hoc

97 791 188 835 versu
215 767 332 833 videtur
356 767 525 846 nutavisse,
556 785 641 851 quem
667 763 700 827 in
722 764 948 914 peregrinitatis
976 767 1087 832 crimen
1116 768 1270 833 adductum

98 876 166 920 esse
193 860 332 918 constans
362 851 541 936 antiquitatis
568 851 649 914 lama
675 855 722 912 tra
742 847 811 930 idit,
854 849 890 914 de
912 871 969 936 qna
989 874 1023 918 re
1051 852 1126 918 dixit
1152 853 1269 941 copiose

97 939 293 1006 amicissimus
314 937 454 1002 Rankins
474 936 621 1084 Proleqp.
642 956 671 1024 p.
695 931 774 1000 ccl.
797 954 878 1020 seqq.
900 935 1067 1022 diceturque
1096 959 1114 1001 a
1134 959 1182 1002 me
1210 938 1268 1002 alio

96 1025 171 1090 loco.
215 1023 300 1097 Quod
327 1021 438 1086 crimen
466 1021 530 1086 sive
557 1021 572 1084 f
600 1041 634 1084 so
662 1018 726 1084 sive
753 1039 825 1083 vere
854 1020 910 1084 fuit
932 1021 1132 1108 divulgatum,
1159 1024 1269 1087 comico

96 1115 176 1174 certe
196 1118 302 1196 poetae
329 1107 412 1172 licuit
440 1106 496 1194 hoc
522 1106 645 1170 crimine
666 1110 769 1172 contra
795 1103 996 1170 adversarium
1018 1108 1069 1170 uti.
1111 1105 1168 1171 lllo
1190 1108 1269 1172 enim

95 1200 227 1284 tempore
254 1192 383 1257 Athenis
411 1213 475 1256 cnm
505 1191 561 1256 duo
589 1190 691 1254 comici
711 1188 836 1288 Eupolis
858 1195 888 1252 et
908 1189 1124 1278 Aristophanes
1151 1199 1270 1280 praeter

95 1285 210 1344 ceteros
239 1286 303 1342 arte
330 1277 509 1364 ingenioque
531 1275 711 1355 eminerent,
737 1273 769 1336 hu
796 1279 910 1338 ceteros
932 1275 1047 1360 quidem
1073 1275 1165 1364 longe
1189 1277 1271 1342 infra

94 1358 904 1514 3titttttttltttttht0”ttttltttht
924 1360 1269 1512 iltltltthth

94 1539 155 1598 ret:
181 1470 277 1598 Ιἀιιιιὶίο
304 1531 382 1596 enim
403 1529 565 1594 studiorum
593 1527 749 1592 aemulatio
769 1527 848 1616 parit
868 1494 978 1594 odium:
1004 1468 1270 1616 videmrqnepAri-
1344 1538 1347 1544 '

94 1615 256 1706 stephanos
277 1637 338 1680 uon
358 1615 452 1680 semel
472 1613 611 1714 Eupolidi
631 1611 782 1699 praelatus
805 1633 883 1694 esse,
905 1614 990 1696 sient,
1012 1637 1077 1679 cum
1090 1617 1269 1705 Aristopha-

93 1724 149 1767 nes
176 1701 422 1766 Acharnensihus
455 1698 548 1762 doctus
579 1701 761 1784 reportasset
787 1697 956 1779 victoriam,
993 1697 1117 1788 Eupolis
1151 1703 1270 1768 tertium

93 1787 162 1852 tulit
181 1786 357 1876 praemium:
378 1785 421 1848 ita
442 1789 475 1846 ut
494 1781 573 1846 haud
593 1780 704 1846 iniuria
724 1784 851 1869 potuerit
868 1785 1017 1867 conqueri,
1038 1784 1114 1870 quod
1134 1787 1271 1873 peregri·

92 1881 151 1937 uus
172 1872 231 1935 isto
272 1877 338 1934 oeta
358 1868 417 1932 sihi
439 1886 582 1954 germano
591 1864 771 1930 Atheniensi
791 1865 918 1932 indicum
930 1867 1052 1950 malitia,
1073 1877 1271 1956 spectatorum

94 1955 216 2022 inscitia
246 1892 337 2019 irent
358 1951 549 2051 antepositus.
591 1951 694 2036 Neque
715 1971 788 2014 vero
814 1950 888 2016 illud
909 1953 1013 2016 mirum
1040 1959 1087 2017 est
1118 1961 1169 2018 aut
1188 1956 1271 2021 inso-

91 2039 179 2122 lens,
223 2037 300 2124 qnod
326 2035 450 2124 Enpohs
477 2035 509 2099 in
543 2034 631 2099 alium
659 2035 803 2120 quendam
831 2042 948 2135 poetam
983 2035 1062 2100 inter
1088 2047 1269 2138 spectatores
1303 2065 1308 2076 ·

93 2125 248 2189 sedentem
274 2124 424 2201 invectus,
450 2119 533 2184 illum
561 2119 654 2206 digito
683 2125 841 2184 monstram
866 2120 937 2184 lecit
963 2121 999 2184 ah
1026 2121 1186 2189 histnoue:
1216 2125 1269 2208 ita,

91 2215 126 2274 ut
147 2228 208 2272 uno
230 2205 366 2295 exemplo
387 2214 463 2286 utar,
484 2204 702 2292 Aristophanes
722 2204 756 2268 in
776 2203 873 2270 Rauis
894 2226 922 2270 v.
942 2206 1006 2272 308
1027 2205 1118 2274 dixit:

175 2287 245 2356 ‘Odi
266 2290 300 2354 dd
320 2290 422 2366 δείσας
441 2287 685 2375 ὑπερεπυρρίασέ
702 2313 774 2368 μου.

94 2375 225 2444 Galliam
246 2375 298 2440 ille
315 2375 441 2460 quidem,
462 2373 575 2438 Bacchi
595 2373 777 2438 sacerdotem
797 2371 917 2456 ridens,
939 2375 989 2460 qui
1009 2375 1138 2444 fortasse
1159 2383 1269 2446 certam

92 2461 242 2549 quandam
264 2481 299 2525 ac
321 2458 499 2548 peculiarem
519 2459 551 2522 in
573 2459 688 2522 theatro
710 2457 810 2522 sedem
832 2461 999 2547 occupabat

180 2543 266 2618 Quod
300 2565 340 2608 ex
365 2542 511 2650 Eupolide
545 2541 635 2606 affert
661 2541 852 2628 Phrynichus
886 2545 918 2606 in
943 2543 1080 2610 Bekkeri
1105 2545 1269 2612 Anecdotis

93 2630 136 2698 T.
158 2629 185 2696 Ι.
206 2651 236 2719 p.
256 2629 296 2710 5,
318 2628 377 2694 13:
405 2627 563 2692 Απιστίαν
582 2625 703 2707 βλέπει·
726 2624 876 2703 Εὔπολις·
905 2630 1044 2709 σημαίνει
1065 2629 1119 2694 τάν
1140 2628 1270 2696 ἀπιστά-

92 2721 207 2793 τατον,
239 2713 271 2778 id
297 2717 330 2777 ut
356 2731 414 2798 ego
442 2711 565 2776 coniicio
592 2710 675 2776 facili
704 2711 826 2797 negotio
853 2710 1059 2798 redintegrare
1086 2715 1170 2780 licet:
1200 2737 1269 2783 uam

93 2821 170 2889 quae
199 2797 301 2864 eadem
333 2796 444 2886 pagiua
470 2795 556 2885 paulo
577 2796 713 2885 superins
739 2803 843 2885 poetae
864 2797 982 2862 nomine
1003 2819 1064 2863 non
1086 2799 1199 2866 adiecto
1225 2801 1269 2866 le-

94 2891 222 2974 guntur:
248 2880 431 2963 ’Άνθρωπος
452 2876 610 2967 ἀποφράς·
641 2876 821 2967 ἀποφράδες
841 2878 968 2964 ἡμέραι,
989 2881 1068 2947 καθ’
1093 2881 1131 2960 ἀς
1151 2883 1270 2969 ἀπηγο-

93 2964 200 3120 ριιίιτὲά
220 2989 255 3076 τι
281 2963 438 3116 πράητνεην,
476 2967 615 3048 σημαίνει
645 2958 700 3032 οάν
725 2965 779 3032 τὸν
806 2960 870 3032 οἷον
899 2965 1043 3034 ἀπαίσιον
1069 2969 1120 3036 καί
1147 2968 1269 3058 ἔξεδρον

94 3081 134 3122 κα
185 3077 229 3118 πα
251 3075 325 3118 ocos
345 3077 366 3116 οι
431 3073 527 3116 ωπον·

230 3077 249 3138 ρ
410 3075 428 3139 ρ
543 3135 711 3218 Σονίτοχεν
731 3131 839 3214 ἐξιόντι
860 3161 914 3219 μοι

172 3220 359 3303 Ἄνθρωπος
378 3218 525 3307 ἀποφράς
550 3224 601 3286 καί
626 3223 748 3310 piltuna
774 3221 927 3288 ἀπιστίαν.

93 3331 131 3376 ea
158 3309 280 3394 inquam
300 3329 341 3372 ex
362 3308 471 3372 comico
493 3305 589 3392 aliquo
611 3307 648 3372 de
667 3316 762 3374 romta
782 3331 850 3374 esse
876 3331 894 3373 a
913 3313 1012 3397 paret,
1042 3329 1138 3396 nequo
1159 3310 1270 3396 dubito,
1311 3353 1319 3368 ·

93 3395 166 3481 quin
194 3393 234 3458 ad
261 3391 392 3480 Eupolin
423 3393 483 3458 aiut
513 3330 683 3458 referendi.
724 3394 814 3460 Licet
845 3331 946 3458 eooiiam
980 3399 1065 3482 pacto
1096 3397 1184 3462 otiam
1211 3397 1270 3462 alia

113 3486 249 3545 oetmnm
274 3477 444 3565 fragmenta
470 3499 503 3542 su
525 3478 616 3566 plere.
658 3478 705 3544 Ita
735 3479 846 3564 legitur
876 3478 951 3567 apud
980 3479 1212 3546 Autiatticistam
1236 3481 1286 3559 inl

91 3501 236 3634 ilckkori
255 3561 417 3628 Anecdotis
440 3561 481 3627 T.
502 3500 527 3627 i
548 3583 577 3651 p.
599 3561 673 3645 107,
695 3563 729 3626 1:
758 3557 923 3648 Λογάρια·
949 3559 1205 3652 ὑποκοριστικῶς·

182 3643 331 3731 Λογάριά
345 3672 400 3728 μοι
420 3647 508 3730 λέγει.

96 3735 229 3801 Φαίδων
248 3727 401 3820 Ζωπάρῳ.
422 3731 492 3797 Non
512 3737 581 3820 puto
603 3731 677 3797 haec
697 3732 790 3796 verba
810 3753 849 3796 ex
864 3731 1035 3798 Phaedonis
1045 3731 1168 3834 Zopyro
1189 3755 1270 3818 esse,

94 3821 149 3888 sad
170 3819 282 3884 comico
302 3826 407 3908 poetae
428 3817 540 3898 tribuo,
562 3838 647 3901 quem
668 3816 898 3904 Aristophanem
919 3818 1014 3882 fuisse
1036 3839 1178 3906 suspicor.
1200 3818 1271 3886 Sui·

95 3907 151 3972 das
174 3904 253 3970 onim
274 3904 360 3970 dicit:
390 3898 554 3987 Λογάρια·
577 3901 607 3966 oi
627 3897 725 3986 λόγοι·
750 3899 982 3988 Ἀριστοφάνης.
1024 3900 1070 3966 Ita
1097 3903 1191 3992 igitur
1217 3904 1270 3971 illc

95 3989 307 4098 grammaticus
334 3988 491 4077 scripsisse
511 3987 637 4052 videtur.
667 3983 830 4074 Λιγάριοι·
851 3985 1106 4074 ὑποκοριστικῶς·
1126 3987 1269 4077 Ἀριστο-

96 4093 215 4162 Ψαίης·
739 4109 741 4118 ·

507 4150 654 4241 Λογάριά
673 4180 728 4237 μοι
751 4155 839 4239 λέγει.

99 4243 231 4309 Φαίδων
251 4236 404 4328 Ζωπύρῳ.
446 4239 562 4308 Similis
583 4262 668 4307 error
694 4242 727 4306 iu
756 4241 859 4309 eodem
878 4239 1084 4310 Antiatticista
1108 4243 1214 4312 accidit
1238 4265 1268 4334 p.

95 4329 153 4413 81,
173 4325 212 4392 42
237 4323 430 4412 Ἀγκορίοαι·
452 4328 502 4392 ἐπὶ
522 4331 578 4394 τοῦ
599 4328 828 4410 παλαίσματος·

181 4408 360 4498 Ἅγκορίσας
380 4407 513 4498 ἔρρηξεν.
