3018 5064
351 261 412 333 nh
432 255 577 340 noble
598 257 788 345 ΒΟΜΟΠ),
808 259 917 334 Art.
936 263 1083 343 ANTIQ.
1151 350 1158 360 ,
1260 269 1306 338 δδ

123 429 313 533 Ργτλλοωρίι·
328 451 382 498 sus
437 435 468 498 tu
488 449 509 498 u
527 423 710 520 Thucydide
742 426 780 496 de
800 427 870 496 odio
890 429 924 498 iu
942 428 1101 516 Periclen,
1123 431 1160 506 de
1180 433 1222 504 im
1276 435 1306 506 ὀ

123 517 249 588 mulieri
291 517 413 583 referem
434 537 454 583 a
472 521 544 583 suut
562 535 624 582 nou
645 513 684 582 ad
704 477 916 602 'i'hucydidem
936 513 1024 584 Olor-i
1043 516 1153 604 fitam,
1185 541 1202 586 e
1266 521 1305 588 ad

123 602 207 672 huuc
221 565 457 691 Aiopecensemr
499 621 603 666 verum
624 599 699 666 hacc
719 601 886 666 accuratius
900 603 1048 750 qerseqni
1067 624 1127 668 non
1149 612 1197 671 est
1216 605 1305 672 huius

121 686 196 771 loci,
226 685 428 837 dicturumqqqq
457 705 548 836 sqero
567 683 606 752 de
625 684 683 751 hue
702 705 739 751 re
759 705 834 752 sane
855 684 902 750 dii
922 685 971 751 cili
992 689 1200 760 amicissimum
1221 689 1306 780 Dry-

122 771 251 842 andrum
259 771 292 837 in
304 772 366 837 vita
429 769 451 835 ti
491 771 579 836 ontis.
621 769 725 854 Itaque
744 767 922 836 adeundam
936 769 1236 882 huncThuchidem
1256 797 1306 848 re·

122 855 260 923 vocanda
280 857 370 924 etiam
390 793 470 922 suni
481 876 557 943 quae
576 855 810 942 subsequuntur:
852 855 988 942 Πρῶτον
1007 855 1064 939 μὲν
1083 882 1144 944 γορ
1165 854 1227 925 aiud
1248 866 1305 926 τοῦ

121 939 326 1026 Ξενοκρίτου,
363 935 407 1018 ὥς
426 937 568 1027 Σύβαριν
593 935 800 1026 ἀποδημήσας
827 934 892 1027 [ὥς]
922 939 992 1026 (hoc
1010 941 1128 1028 quidem
1148 942 1305 1013 delendum

121 1031 248 1111 censeo)
287 1027 462 1110 ἐπανῆλθεν
490 1027 534 1104 τίς
560 1020 713 1109 Ἀθήνας,
755 1021 931 1110 συγχύσεως
958 1027 1159 1115 δικαστηρίου
1211 1027 1306 1115 εδγων

121 1107 216 1178 ἑάλω·
242 1106 371 1195 ὕστερον
391 1110 426 1175 dd
446 1107 656 1197 δστρακίξιται
676 1105 730 1194 δ’τη
751 1107 854 1176 δίκαν
870 1105 994 1199 φαίγων
1012 1109 1048 1178 δὲ
1067 1112 1101 1178 ἓν
1119 1115 1169 1180 At
1197 1139 1235 1201 νη
1256 1116 1306 1180 δι·
1449 1163 1475 1180 ,.

120 1195 237 1282 ἔτριβε,
258 1193 348 1261 κάκεῖ·
362 1194 482 1282 λέγεται
500 1195 558 1273 τὰς
578 1193 717 1282 ἱστορίας
737 1190 835 1260 adedo
853 1191 1084 1274 συντάξασθαι·
1104 1194 1174 1266 τότε
1194 1199 1230 1265 δὲ
1249 1199 1306 1283 την

120 1281 333 1372 φιλαργυρίαν
358 1279 461 1346 αὐτοῦ
475 1275 618 1392 μάλιστα
645 1277 784 1368 φανερὰν
803 1279 963 1366 rualodus·
1000 1277 1141 1360 ἅπαντας
1160 1283 1220 1371 γὰρ
1241 1289 1306 1352 Αί-

117 1364 250 1455 γινήτας
270 1367 449 1448 κατοικίζων
468 1361 662 1444 αναστδτσος
682 1365 816 1448 ἐποίησε.
858 1363 943 1442 Quae
968 1387 1092 1456 prorsus
1112 1378 1306 1460 praepostere

118 1459 206 1524 eunt
237 1451 403 1536 crturhate,
418 1451 485 1519 odia
506 1451 586 1518 enim
607 1451 646 1518 ad
666 1448 814 1518 Melesiae
834 1449 929 1518 filium
970 1452 1116 1535 ertinent,
1137 1453 1216 1537 alia,
1237 1455 1306 1521 ulti·

119 1559 187 1644 γοα.
231 1558 291 1638 σο,
317 1535 482 1604 adrerum
513 1543 667 1638 gestarum
692 1535 877 1638 scriptorem:
957 1535 1031 1604 redo
1058 1537 1137 1603 enim
1157 1537 1306 1609 Periclem

119 1619 1203 1797 &otttttstdtdttttntdttihtgttttt“thoth
1218 1623 1306 1778 itt

119 1793 259 1863 coloniae
285 1799 458 1892 qocaretur:
493 1791 613 1891 ridetur
638 1791 719 1858 enim
747 1791 781 1858 iu
808 1725 914 1891 (iurum
933 1811 1058 1858 numero
1084 1791 1199 1877 fuisse,
1231 1813 1306 1896 quos

117 1878 249 1970 populns
270 1877 402 1942 tnhutrm
422 1881 456 1940 ut
469 1887 576 1965 opmor
597 1873 766 1974 delegerat:
785 1874 935 1942 Peneon
956 1881 1053 1952 autem
1073 1877 1130 1944 hac
1150 1897 1307 1948 occasione

118 1963 253 2034 maxime
278 1982 366 2028 usum
390 1981 461 2026 esse
479 1965 514 2026 ut
534 1957 725 2026 adversanos
751 1963 783 2025 et
801 1979 902 2026 rerum
922 1979 1067 2028 normam
1087 1961 1236 2030 studiosos
1256 1983 1307 2032 re·

119 2052 260 2118 moveret
285 2067 326 2112 ex
345 2044 437 2129 urbe,
462 2049 590 2110 testatur
608 2041 791 2110 Plutarchus
819 2043 873 2112 vit.
897 2041 1010 2113 Pericl.
1037 2066 1063 2113 c.
1090 2045 1143 2113 11.
1169 2047 1220 2135 qui
1240 2069 1307 2118 cum

118 2131 306 2224 optimatium
338 2129 437 2195 studia
463 2135 495 2196 et
520 2127 610 2195 mnus
638 2126 830 2216 Thucydidis
857 2129 992 2218 inprimis
1013 2129 1168 2220 ingenium
1194 2131 1307 2202 descri-

119 2219 245 2309 psisset,
266 2213 348 2282 addit
367 2213 517 2280 Periclem
528 2211 653 2279 coloniis
665 2209 844 2280 deducendis
855 2213 1056 2282 ammaum
1067 2213 1306 2288 sdversmiorum

122 2309 157 2372 et
174 2300 276 2394 populi
292 2299 445 2366 audaciam
457 2299 603 2388 fregisse,
623 2295 723 2386 ibique
744 2297 834 2364 etiam
854 2297 1040 2366 Thuriorum
1060 2301 1239 2372 mentionem
1258 2300 1307 2372 iu·

120 2389 202 2456 iicit:
223 2387 422 2452 fueritnutem
433 2383 630 2471 Thucydides
652 2381 755 2484 qrimis
773 2382 836 2448 illis
853 2383 967 2450 colonis
983 2385 1166 2476 adscriptos,
1186 2387 1305 2480 Olymp.

119 2471 346 2543 limma:
368 2490 426 2556 qua
447 2469 564 2555 quidem
585 2489 620 2534 re
642 2489 707 2533 ems
728 2469 888 2556 potentiam
910 2476 941 2534 et
955 2471 1158 2537 auctoritatem
1168 2471 1306 2540 imminu·

120 2565 185 2624 tam
196 2579 265 2624 esse
276 2563 507 2622 consentaneum
517 2560 574 2636 est,
587 2553 664 2640 quod
674 2552 779 2619 videor
792 2553 865 2620 mihi
875 2553 964 2621 etiem
977 2555 1120 2644 colligere
1133 2578 1174 2622 ex
1184 2557 1305 2624 Plutar-

121 2643 174 2710 chi
193 2642 296 2708 verhis
315 2641 369 2709 vit
388 2638 538 2706 Periche.
550 2639 607 2704 16:
628 2635 708 2722 μετὰ
729 2637 764 2703 δὲ
784 2635 841 2721 τὴν
853 2639 1049 2706 Θουκυδίδου
1064 2636 1233 2708 κατάλυσιν
1252 2645 1305 2709 καί

121 2727 179 2794 τὸν
192 2721 415 2812 ὀστρακισμδνι
438 2723 597 2812 distinguit
607 2723 700 2805 enim,
718 2729 753 2789 ut
761 2723 890 2808 videtur,
911 2731 1008 2792 utrum
1028 2747 1082 2809 ue,
1103 2725 1189 2794 itant
1209 2724 1305 2794 κατά-

122 2819 212 2890 λυσις
232 2809 394 2878 referende
413 2809 454 2875 sit
474 2809 512 2874 ad
524 2808 733 2874 secessionem.
772 2807 927 2874 Musteus
939 2829 1012 2875 vero
1078 2811 1152 2876 uriis
1166 2809 1305 2880 Athenas

122 2896 322 2986 Thucydides
335 2893 524 2972 aXenocrito
536 2893 600 2974 illo,
622 2893 672 2980 qni
684 2898 715 2957 et
725 2891 935 2982 ipsecoloniae
945 2891 1304 2986 condendaepraeiuerat,

122 2985 158 3054 in
178 2983 226 3050 ius
239 2986 417 3048 estvocatus
430 2986 516 3066 atque
533 2977 754 3044 condemnatus.
796 2975 860 3044 Sed
880 2977 966 3064 quale
986 2979 1061 3046 iliud
1076 2981 1188 3046 crimen
1200 2979 1304 3066 suerit,

122 3067 204 3160 quod
224 3066 382 3167 admisisse
399 3063 610 3165 Thucydidem
630 3062 702 3164 dicit
723 3063 944 3164 grammaticus,
964 3064 1063 3132 fateor
1077 3087 1125 3131 me
1145 3066 1302 3169 ignorares

123 3149 947 3388 ttqttigit?titdtttatttttttffitt
967 3155 1120 3318 ‘titt
1139 3151 1217 3322 {iff‘
1250 3173 1304 3339 ,ξὶ

124 3321 534 3478 ἷέδῖἳδλᾜῗέἓῖολλ
554 3317 1185 3494 :ttotttttdttydtttttttt
1201 3323 1304 3477 §tit

125 3493 284 3603 Ariswqh.
304 3491 397 3580 Vesp.
418 3511 448 3560 v.
469 3489 548 3556 947:
594 3490 789 3574 Θουκυδίδην
815 3489 892 3574 λίγα
913 3488 967 3554 τὸν
987 3491 1149 3576 Μιλησίου
1177 3493 1304 3577 (Μελη-

124 3581 210 3666 σίου)
227 3581 455 3660 Areoneso-
475 3579 585 3640 codron
606 3575 640 3640 δὲ
661 3569 888 3662 ἐξωστράκισαν
901 3571 1064 3658 Ἀθηναῖοι
1085 3575 1125 3641 τὰ
1143 3575 1224 3661 ίίτη
1242 3603 1309 3642 κα.

123 3664 165 3733 sai
185 3663 242 3730 τὸν
262 3659 366 3744 νόμον.
409 3659 472 3728 Sed
492 3661 711 3761 quaeriturque
732 3669 789 3726 tem
810 3681 862 3726 ore
882 3659 957 3726 illud
978 3661 1018 3726 sit
1037 3661 1168 3742 factum3
1191 3669 1221 3730 ct
1240 3665 1303 3766 pri·

124 3773 205 3820 mum
227 3748 343 3836 quidem
364 3767 426 3812 non
451 3743 527 3812 lours
555 3746 714 3813 difficultas
740 3747 810 3811 ine
837 3745 947 3828 oritur,
979 3745 1056 3847 quod
1083 3745 1198 3812 Auctor
1222 3755 1303 3814 votae

123 3833 311 3928 Sophocleae
333 3831 404 3897 dicit
424 3829 466 3897 So
486 3831 601 3898 hoclem
620 3853 680 3896 una
701 3851 766 3898 cum
778 3830 959 3918 Thucydide
979 3837 1187 3923 imperatorem
1206 3830 1302 3900 fuisse

124 3923 159 3990 in
185 3921 264 3987 hello
292 3915 410 3986 Samio:
462 3853 509 3982 (Piri
536 3915 595 4002 γὰρ
624 3915 703 3993 είκδς
733 3911 789 3982 τὸν
814 3917 848 3981 dn
879 3919 936 3980 τοῦ
968 3913 1111 3982 τοιοδτου
1141 3913 1303 4000 γενόμενον

123 4005 314 4095 στρατηγίας
334 4001 506 4090 ἀξιωθῆναι
533 4001 590 4068 σὺν
609 4004 659 4066 Πι
680 4005 759 4068 ικλεῖ
773 4003 825 4066 καί
849 4001 1042 4088 Θουκυδίδῃ,
1075 4009 1141 4080 τοῖς
1168 3999 1302 4094 πρώτοις

123 4097 182 4178 τῆς
195 4088 321 4166 πόλεως.
347 4089 447 4176 Atque
456 4089 538 4154 infra
549 4087 585 4154 de
598 4028 760 4178 Sophocle:
795 4087 860 4152 Καὶ
868 4085 1027 4172 Ἀθηναῖοι
1042 4085 1077 4152 dd
1088 4085 1183 4154 αὐτὸν
1195 4087 1301 4173 ngare}-

126 4201 222 4245 κοντα
236 4173 314 4242 ἔπτὰ
331 4175 408 4240 ἑτῶν
425 4173 499 4240 ὄντα
515 4198 553 4240 στ
575 4173 687 4258 ατηγδν
701 4173 832 4254 ι’ίλοντο,
853 4171 913 4256 πρὸ
930 4179 993 4240 τῶν
1003 4175 1303 4261 Πελοποννησιακῶν
1443 4253 1444 4256 ¹

124 4261 224 4331 ἲτοσιν
244 4256 330 4339 ἑπτά,
352 4261 385 4328 ίν
404 4264 448 4349 τῷ
470 4257 548 4346 πρὸς
562 4259 688 4326 Aeolus
703 4257 838 4348 τισλίμιρ.
881 4257 944 4326 Sed
954 4257 1011 4328 hoc
1023 4257 1139 4348 quidem
1151 4281 1233 4352 nego
1244 4258 1302 4329 So·
1352 4321 1355 4332 ,

124 4349 262 4442 qhoclem
282 4353 314 4416 et
331 4345 540 4436 Thucydidem
566 4366 626 4416 uno
652 4341 812 4432 eodemque
838 4365 917 4412 auno
944 4345 1039 4414 fune
1065 4345 1175 4425 ducem,
1200 4368 1301 4436 quam-
