3096 5062
227 315 320 384 vaaa
637 312 1043 386 commnrnrrouas
1112 298 1117 315 '
1178 303 1184 315 ’
1220 291 1225 300 ’

334 478 377 551 Ὠ
396 481 521 571 μακάρι’
543 481 734 568 Αὐτόμενες,
755 481 797 561 ὣς
818 507 852 549 σε
872 486 1089 572 μακαρίζομεν,

341 573 467 644 Παίδας
488 567 657 656 ἐφύτευσας
683 567 729 634 ὅτι
746 594 793 652 χει
815 566 1075 652 οτιχνικοιιάτους,

340 659 461 738 Πρῶτα
481 655 538 736 μίν
557 651 654 720 ἅπασι
676 656 766 740 φίλον
787 595 888 741 dudeco
906 677 940 720 τε
961 649 1151 742 σοφώτατον,

344 740 408 805 Τὸν
429 735 723 826 κιδαραοιδότατον,
751 728 777 828 ᾧ
795 735 887 824 χάρις
908 740 1068 826 ἐφέσπετο.

256 831 277 894 i.
298 826 527 977 eipprigrpqtupu.
549 823 749 914 Aripbradem
770 832 867 892 autem
887 845 992 892 rursm
1013 825 1136 892 vexavit
1155 825 1187 892 in
1208 824 1425 896 Eccleslazusis

257 935 287 979 v.-
409 931 461 976 ιιι
510 931 565 974 rau
626 931 675 974 ra:

336 929 625 1080 ‘o’mpaovtapyldl
648 993 819 1078 περιφέρειν
836 992 897 1079 χρὴ
919 991 977 1076 τὴν
996 995 1104 1080 γαλῆν,

342 1075 398 1144 Hei
418 1079 471 1144 ιδ’·
489 1076 533 1156 ὡς
552 1077 588 1143 sd
609 1074 760 1162 πρόσθεν·
779 1076 988 1164 Ἀρίφραδες,
1010 1083 1129 1144 παῦσαι
1150 1081 1261 1146 λαλῶν.

256 1168 307 1234 ubi
327 1165 427 1232 Soho'
465 1171 508 1230 ta:
526 1160 583 1241 Ὡς
603 1162 846 1247 ἀναμεμιγμένον
868 1163 992 1240 αὐτοῖς·
1013 1165 1196 1250 λοιδορεῖται
1218 1165 1253 1228 δὲ
1272 1165 1418 1250 πρδςιτδς

255 1259 401 1337 γυναῖκας
427 1249 553 1334 ,αἰσχρὸς
580 1245 623 1313 ὢν
649 1243 837 1334 κιθαρῳδός.
878 1247 942 1314 lam
967 1255 1000 1313 ut
1024 1248 1087 1314 vila
1114 1269 1269 1335 moresque
1297 1248 1420 1322 hemims

256 1345 342 1404 eraut
361 1335 569 1424 perditissimi,
595 1333 638 1398 ita
659 1334 748 1398 etiarn
768 1331 870 1399 modos
892 1332 1053 1416 volubiles,
1074 1333 1250 1417 σοιιοίιοίοι,
1277 1337 1424 1425 aptos-ad

257 1423 371 1488 anbnos
397 1441 489 1495 saeva
514 1418 641 1484 libidine
664 1417 735 1482 iusti
760 1417 853 1484 andos
874 1419 1053 1484 carminibus
1066 1419 1308 1486 'accommodavit
1328 1421 1426 1508 itaque

255 1505 474 1594 Aristophanes
510 1525 577 1569 eum
609 1503 685 1568 dixit
752 1498 955 1585 ολυμνήστεια
987 1511 1098 1582 ποιεῖν,
1140 1504 1301 1590 eodemque
1335 1511 1427 1574 seusa

256 1589 399 1658 Cratinus
425 1589 502 1656 dixit
522 1589 612 1655 alium
622 1607 708 1674 quem
718 1584 957 1672 Πολυμνήστεια
977 1586 1095 1668 ἀείδειν,
1116 1588 1428 1657 διασπειιιίιιιιίονὶο

256 1683 287 1742 et
308 1675 430 1758 lasciva,
450 1695 546 1760 neque
567 1673 646 1738 enim
666 1671 1328 1764 ipsiusPolynnnesticarminaiutelligeuda
1348 1683 1429 1743 sunt.

255 1760 320 1826 Iam
344 1779 417 1826 vero
443 1760 529 1825 video
556 1755 774 1824 Bernhardium
801 1758 899 1824 ιὶιιιιιι
930 1779 1090 1842 ιιιιιιιιιιιιιι,
1121 1759 1171 1845 qui
1201 1781 1277 1825 unus
1328 1770 1429 1829 meter

256 1853 372 1912 ceteros
392 1844 522 1911 indolem
547 1842 728 1929 antiquitatis
749 1863 819 1994 plera
856 1843 920 1926 xit,
945 1843 979 1908 iu
1004 1843 1115 1910 eximuio
1140 1844 1217 1910 bbro
1239 1845 1276 1910 de
1298 1781 1430 1915 dracas·

255 1953 322 1998 rum
348 1931 512 1996 btterarum
532 1928 729 1994 monumentis
783 1975 793 1994 .
831 1949 890 2018 .p.
910 1929 976 1994 27⁰
995 1949 1078 2015 seqq.
1105 1949 1220 2016 negare
1239 1929 1429 2018 Rolymuesh

143 2095 145 2100 Ι
256 2015 388 2082 earmina
407 2015 521 2081 lasciva
540 2014 662 2094 fuisseq
673 2020 777 2078 censet
791 2013 871 2078 enim
882 2009 1120 2097 Πολυμνήστεια
1131 2013 1234 2080 eudem
1249 2015 1337 2082 modo
1351 2017 1431 2082 diota

123 2141 126 2148 ·
256 2122 341 2183 csse,
367 2106 425 2187 quo
442 2095 696 2184 Ἀνακρεόντεια,
722 2119 778 2162 nec
799 2097 879 2164 aliud
901 2098 970 2199 quid
994 2098 1067 2164 iude
1086 2097 1190 2199 polbgi
1210 2103 1316 2188 posse,
1342 2121 1444 2188 quan,

125 2890 127 2896 ·
256 2871 343 2942 θεοῖς
370 2864 405 2928 δὲ
431 2868 523 2948 σιγῶς
550 2863 669 2951 legitur.
712 2861 782 2928 Huc
807 2863 883 2929 adde
910 2862 997 2928 Suid.
1023 2862 1066 2930 T.

255 2185 482 2272 Polymnestum
512 2183 617 2270 lyricis
644 2183 741 2272 magis
766 2204 853 2270 quam
885 2204 978 2273 eprers
1005 2183 1183 2250 carminibus
1208 2185 1312 2252 molor
1340 2187 1432 2277 adap-

256 2271 379 2336 tavisse.
1057 2317 1059 2324 -
1355 2318 1358 2328 ,

340 2353 392 2420 Ad
413 2351 533 2418 chorum
554 2350 718 2418 Chirouum
737 2350 927 2417 referendum
951 2358 999 2418 est
1019 2352 1108 2418 etiam
1134 2352 1208 2421 illud
1325 2340 1433 2434 ‘camna

256 2438 466 2526 quodlegitur
486 2435 563 2526 apud
583 2435 781 2502 Scholiastanu
802 2437 939 2503 Platonis
959 2435 1096 2504 Bekker.
1116 2435 1262 2526 paa12‘
1288 2436 1432 2522 αδαμιίν-

256 2529 338 2600 δυος
363 2520 469 2606 ὅρκος·
498 2511 589 2599 οὗτος
615 2518 632 2586 ὅ
659 2519 740 2586 κατὰ
764 2521 854 2598 ιιυνδς
880 2519 1013 2606 ἢχρνός
1032 2519 1052 2604 ἢ
1074 2519 1231 2589 πλατάνου
1257 2521 1434 2612 ἢκριοῦἥ

179 2629 181 2637 ⁴
255 2633 338 2688 τινος
359 2605 455 2672 daton
475 2602 629 2672 τοιοιίτου.
667 2601 724 2683 Οἷς
744 2595 782 2688 ἦν
801 2607 943 2692 μέγιστος
970 2602 1061 2692 δριιος
1091 2603 1204 2674 ἅπαντι
1230 2606 1311 2697 λόγῳ
1338 2605 1434 2690 ader,

256 2692 360 2760 {aeno
378 2689 448 2777 χήν,
470 2691 564 2770 dendo
585 2691 619 2757 dd
640 2692 757 2777 ίσίγων.
785 2693 942 2778 Κρατῖνος
962 2692 1126 2776 Kalamon
1167 2693 1281 2760 Eadem
1302 2693 1433 2766 Phallas

255 2801 287 2870 p.
306 2777 382 2864 481,
404 2780 442 2862 l,
466 2779 517 2844 ubi
538 2777 693 2843 Porsonus
714 2776 852 2867 scripsitr
884 2775 980 2854 θεοὺς
1000 2777 1034 2842 δὲ
1053 2782 1160 2930 cappo,
1182 2779 1343 2931 iufflcpdiop
1356 2802 1434 2934 effi

256 2971 287 3043 p.
308 2948 383 3018 249.
415 2948 612 3016 Scribendum
634 2947 766 3014 videturr
858 2992 859 2996 =
988 3005 994 3016 ,
1038 3013 1042 3020 ,
1154 2885 1174 2953 p

430 3083 432 3085 >
720 3026 810 3099 Οἷσιν
830 3021 869 3113 ἦν
887 3029 1030 3116 μέγιστος

335 3113 450 3205 Ὅρκος
469 3112 581 3180 ἅπαντι
602 3112 683 3200 λόγῳ
705 3111 801 3195 κύων,
829 3113 931 3180 ἔπειτα
948 3113 1023 3200 χήν,
1044 3117 1140 3194 δεοδς
1160 3115 1191 3184 δ’
1216 3117 1334 3204 δσίγοιμ.

257 3201 372 3274 Versus
399 3207 470 3267 sunt
503 3199 583 3268 exd
652 3201 718 3266 licis
745 3208 776 3266 et
803 3201 961 3272 trochaicis
989 3203 1120 3276 numanis
1150 3204 1317 3294 compositi:
1361 3225 1436 3270 con·

255 3295 432 3362 νειιίιιιαιιιι
452 3287 532 3354 enim
553 3292 600 3354 est
647 3285 775 3352 ratiuum
797 3287 835 3352 ad
856 3287 984 3354 doricam
1005 3288 1200 3372 harmoniam,
1222 3311 1296 3376 quae
1318 3291 1436 3366 seveni-

257 3374 312 3440 tati
332 3371 500 3461 argumenti
521 3372 594 3436 satis
616 3371 833 3440 accommodata
853 3378 953 3455 esset,
979 3372 1053 3440 haec
1075 3373 1206 3440 ammian
1233 3375 1435 3468 adaptavisse.

256 3459 328 3530 Non
347 3466 428 3524 recte
450 3463 546 3522 autem
567 3455 724 3522 Hauovius
745 3480 774 3548 p.
785 3459 828 3524 ⁵9
849 3457 999 3526 existimat
1018 3457 1067 3522 bie
1088 3480 1107 3524 a
1124 3457 1248 3524 Cratino
1262 3457 1434 3530 Socraticos

276 3543 448 3632 bilosophos
470 3543 631 3694 castigatos
654 3562 740 3608 esse:
762 3565 865 3608 verum
886 3563 922 3608 eo
944 3548 1091 3633 tempore,
1112 3564 1168 3630 quo
1191 3543 1332 3611 Cratinus
1354 3545 1435 3612 hanc
1532 3615 1533 3620 ,

255 3567 388 3696 labalam
408 3627 520 3703 docuit,
569 3636 683 3694 cerates
705 3627 835 3695 noudum
856 3628 962 3718 opinor
982 3629 1136 3712 inclaruit,
1157 3629 1211 3699 sed
1233 3630 1434 3720 sophistarum

256 3715 322 3804 ipse
348 3713 406 3780 luit
432 3712 678 3801 diligentissimus
706 3711 836 3780 auditor:
890 3725 973 3778 ostea
999 3715 1114 3780 demum
1141 3727 1243 3780 eurum
1270 3715 1433 3782 acerrimus

191 3849 193 3854 ·
257 3799 373 3867 exstitit
393 3797 599 3882 adversarius,
626 3797 792 3884 studuitque
814 3733 1028 3888 pbildsopbiam
1050 3799 1088 3869 ad
1116 3799 1212 3890 ipsam
1233 3801 1323 3873 vitam
1345 3822 1433 3868 revo-

258 3907 337 3950 care.
380 3883 508 3950 Omnino
529 3891 626 3950 autem
648 3905 709 3948 nou
729 3888 855 3974 possunt
877 3883 952 3948 haec
973 3884 1064 3952 verba
1086 3883 1123 3952 de
1145 3885 1316 3976 aequalibus
1336 3883 1433 3975 philo-

259 3970 361 4058 sophis
389 3991 408 4034 a
434 3967 559 4037 Cratino
585 3969 663 4036 diota
689 3991 775 4052 esse,
817 3975 878 4036 tum
906 3969 986 4034 euim
1017 3977 1097 4036 certe
1123 3971 1187 4036 ίστί
1212 3993 1266 4060 pro
1293 3966 1331 4054 ἦν
1351 3983 1433 4037 esset

259 4053 455 4122 scribendum.
499 4053 612 4124 Verum
633 4053 776 4122 Cratinus
797 4061 831 4119 ut
850 4053 1034 4136 ostenderet,
1063 4063 1171 4140 quauta
1192 4077 1304 4122 morum
1326 4056 1432 4146 depra·

258 4139 339 4242 vatio
360 4146 442 4204 esset
462 4137 607 4240 pithonis,
628 4139 671 4206 ita
691 4140 834 4242 instituit,
856 4147 889 4205 ut
909 4140 1020 4240 chorus
1035 4137 1200 4206 Chiroiuum
1221 4143 1339 4230 pristini
1359 4149 1432 4208 teur-

257 4221 654 4397 {ditttlttlffttt
673 4227 854 4378 ldtlttl
873 4246 1002 4394 tlt?
1016 4223 1431 4398 edelboltllltdtl

260 4405 293 4462 ut
313 4397 401 4463 tertio
422 4415 535 4486 quoque
556 4396 648 4492 verbo
669 4397 742 4465 deos
764 4403 854 4464 testes
876 4396 1069 4480 invocarent,·
1093 4403 1124 4462 et
1143 4399 1181 4464 ob
1203 4397 1233 4464 id
1254 4398 1350 4489 ipsum
1368 4397 1430 4465 ius·
