3004 5048
251 341 320 417 eoa
593 337 595 344 ⁴
642 326 1049 415 coumnnrsmouuo

332 510 468 594 Ἕκιΐνὸς
486 510 747 603 έστιστρογγῦλος
766 513 823 600 τὴν
844 509 927 597 ὄψιν,
949 505 975 580 ὦ
996 514 1120 602 πονηρέ,

332 600 443 680 Ἐντὸς
463 599 494 666 δ’
517 597 595 685 έχων
614 599 802 688 περιέρχεται
822 595 923 688 κύκλῳ
943 600 983 666 τὰ
1004 595 1102 666 πάνθ’
1126 597 1247 680 iamed,

332 685 436 771 Ἧμᾶς
456 684 490 750 δὲ
508 687 615 767 τέκτιι,
636 685 819 772 περιτρέχων
839 685 895 768 τὴν
914 692 971 772 γῆν
992 681 1208 764 ἁπαξάπασαν.

333 770 531 855 Ὀνομοίζεται
551 769 586 836 δ’
609 769 760 848 ἐνιαυτός·
791 769 834 835 ὢν
855 769 889 834 di
910 768 1088 858 περιφερής,
1110 769 1248 854 τελευτὴν

340 856 498 940 Οὖδιμέαν
518 854 588 922 erid’
612 855 710 1005 dppqs
731 852 807 938 ἔχει·
829 860 947 920 κυκλῶν
969 855 998 920 d’
1024 856 1125 922 ἀεὶτὸ
1146 863 1237 939 σῶμα

339 941 387 1008 Od
408 937 538 1008 moderor
558 937 603 1006 δι’
625 939 667 1024 ἦρι
685 965 743 1026 ρας
763 936 913 1024 ὁσημέραι
931 936 1028 1026 τροχά
1045 943 1096 1006 ιον.

248 1027 406 1117 legebatur
432 1028 511 1092 enim
536 1023 749 1104 lectricium
774 1025 832 1106 τὴν
857 1023 932 1106 ὄψιν
957 1026 1160 1111 σιρογγύλοςι
1202 1025 1294 1091 eltero
1319 1029 1401 1088 auten

250 1134 342 1178 versu
361 1111 401 1176 sd
421 1109 499 1198 παρ’
523 1107 636 1176 ἑαυτοῦ
642 1159 653 1190 ,
695 1109 772 1199 quod
791 1110 961 1176 Heerenius
983 1113 1079 1177 minus
1098 1118 1185 1178 'recto
1211 1110 1343 1189 tentarit,
1370 1106 1402 1172 cd

245 1197 320 1285 ,περὶ
346 1194 447 1284 ἑαυτῷ
472 1195 665 1284 corrigeud03
692 1196 752 1262 scri
773 1196 799 1260 si
819 1197 860 1259 τὰ
880 1192 976 1258 πάνθ’
1000 1193 1128 1277 ἑαυτοῦ,
1156 1195 1216 1262 uisi
1235 1197 1310 1261 forte
1329 1193 1401 1258 malis

250 1281 291 1347 τὰ
318 1277 409 1346 πάντ’
432 1283 465 1346 ἐν
491 1277 593 1367 αὗτῷι
620 1280 722 1346 ultimo
744 1217 870 1366 denique
889 1301 980 1374 versu
1006 1281 1097 1370 vulgo
1119 1281 1231 1348 editur:
1260 1275 1401 1343 πάέσσοι.

249 1365 352 1435 Voluit
376 1372 473 1431 autem
498 1367 624 1430 comicus
653 1365 894 1455 philosophorum
920 1365 1098 1449 doctrinam,
1140 1367 1191 1452 qui
1221 1371 1348 1430 accurate
1371 1361 1401 1426 dc

248 1451 389 1541 temporis
409 1451 441 1516 vi
468 1457 498 1515 et
523 1457 630 1516 natura
657 1457 848 1550 quaererent,
875 1457 995 1532 notare,
1025 1452 1123 1537 ita'que
1147 1450 1269 1517 induxit
1293 1449 1400 1532 aliquem

247 1557 310 1601 nou
334 1537 463 1604 infacete
491 1534 529 1601 de
557 1541 697 1624 temporis
723 1535 839 1600 ratione
866 1536 903 1600 ad
923 1537 1046 1600 istorum
1073 1537 1190 1602 modum
1216 1535 1401 1624 thsserentem.

249 1621 371 1686 Notavit
396 1627 493 1686 eutem
513 1619 694 1720 Hermippus
720 1625 754 1686 ut
779 1620 903 1686 coniicio
929 1621 1056 1701 maxime
1076 1619 1226 1686 Heracliti
1245 1617 1400 1706 discipulari
1460 1631 1461 1636 ’

247 1727 310 1771 nou
335 1727 444 1796 paucos
470 1712 566 1770 autem
592 1706 688 1771 lursse
707 1703 853 1786 Athenis,
879 1705 929 1790 qui
954 1705 1042 1770 huius
1068 1704 1237 1796 philosophi
1257 1703 1400 1770 doctrinam

247 1799 457 1878 sequerentur,
498 1797 621 1880 apparet
660 1789 711 1856 vel
751 1810 792 1855 ex
832 1789 969 1856 Platonis
1010 1791 1178 1856 Theaeteto
1222 1813 1250 1894 p.
1281 1788 1340 1853 179
1370 1783 1399 1849 C.

241 1874 418 1943 Heraclitus
438 1882 535 1942 autem
559 1875 671 1964 primus
697 1874 771 1959 fuit,
798 1875 848 1962 qni
874 1879 980 1940 inserite.¹
998 1880 1028 1940 et
1052 1874 1253 1964 intelligentia
1278 1869 1399 1960 temporis

243 1971 380 2028 oatmam
400 1960 677 2050 comprehenderet,
706 1959 737 2026 id
757 1981 794 2025 ue
815 1961 948 2046 quamvis
968 1981 1030 2026 uon
1055 1962 1129 2027 satis
1150 1969 1220 2050 apto
1241 1980 1308 2026 usus
1329 1976 1400 2021 vocc-

241 2045 315 2114 hulo
333 2051 477 2135 oorposs
516 2044 633 2128 ellavit,
653 2043 713 2109 vid.
729 1981 841 2110 demus
862 2043 1028 2134 Empiricos
1051 2045 1117 2112 adv.
1129 2043 1272 2112 Mathem.
1291 2038 1399 2107 Mil.

243 2129 291 2196 lo
310 2151 348 2196 us
372 2130 461 2195 etiam
515 2130 588 2194 ormi
609 2151 676 2218 pus,
708 2130 759 2238 qui
783 2129 862 2195 hanc
887 2130 1048 2196 doctrinam
1069 2131 1154 2242 vulgi
1182 2132 1278 2222 captui
1303 2146 1399 2191 accom-

244 2234 273 2280 m
313 2213 389 2296 avit,
431 2216 551 2278 κιικλῶν
577 2152 616 2278 di
632 2213 679 2280 ἀεὶ
699 2238 735 2277 το
756 2218 863 2296 σῶμα,
893 2214 985 2297 dixit,
1012 2215 1048 2279 od
1077 2239 1208 2280 πασεται
1234 2214 1275 2280 δι’
1299 2210 1399 2292 eptem

216 2295 395 2383 aequm
420 2294 587 2381 τροχάζων.
629 2297 793 2384 Scythinus
828 2305 941 2380 autem,
973 2300 1023 2384 qui
1049 2307 1079 2367 et
1107 2301 1176 2390 ipse
1207 2302 1243 2368 ad
1271 2291 1399 2366 Heracliti
1460 2359 1461 2362 ,

242 2382 352 2486 placita
371 2403 406 2447 se
427 2403 463 2470 ap
484 2382 576 2463 licuit,
595 2403 718 2470 prorsus
738 2382 781 2447 ita
802 2381 839 2447 de
861 2390 990 2472 tempore
1012 2384 1041 2448 lo
1062 2387 1150 2468 nitur,
1171 2389 1216 2450 uti
1237 2381 1335 2450 Hcmui
1354 2397 1398 2466 pus

242 2467 362 2532 millis
387 2403 540 2532 versrhus:
566 2465 659 2555 'apud
687 2465 846 2532 Stohaeum
872 2467 1010 2532 enimin
1036 2405 1142 2558 Holog.
1162 2470 1308 2558 Physicis
1324 2402 1360 2530 ll.
1378 2461 1397 2524 l·

240 2573 273 2660 p.
291 2551 357 2619 264
386 2551 462 2617 haec
487 2573 527 2616 ex
552 2548 693 2638 Scythini
722 2551 854 2640 physicis
882 2549 1029 2641 adscripta
1056 2564 1139 2620 sunt:
1183 2553 1304 2641 Χρόνος
1328 2549 1398 2615 ἐστὶν

242 2658 377 2702 οστατον
395 2637 447 2700 καὶ
468 2639 591 2721 πρῶτον
605 2632 727 2702 πάντων
740 2639 798 2700 ‘col
819 2634 878 2718 ἔχει
899 2636 932 2700 ἐν
952 2633 1053 2726 ἑαυτῷ
1074 2636 1175 2704 πάντα
1198 2644 1248 2706 καὶ
1270 2638 1345 2704 ἔστιν
1363 2627 1398 2705 εἷς

242 2719 300 2792 cist.
326 2742 400 2808 quae
421 2720 538 2807 quidem
564 2719 638 2787 satis
663 2742 757 2788 meam
784 2723 997 2805 coniecturam,
1040 2745 1126 2810 quam
1153 2747 1249 2818 supra·
1264 2715 1397 2814 preposui,

240 2805 369 2874 firmant.
409 2805 510 2893 Atque
530 2805 667 2872 simihter
687 2805 863 2895 Euripides,
893 2807 943 2892 qui
971 2815 1002 2872 ut
1022 2811 1151 2876 omnium
1178 2811 1297 2888 omnino
1314 2802 1398 2896 philo·

239 2893 403 2982 sophorum„
425 2889 538 2981 placita
565 2891 696 2957 studiose
747 2892 942 2978 eruestigavit
973 2899 1059 2978 atque
1093 2895 1239 2962 insnum
1270 2887 1399 2958 convertit

239 2997 341 3062 usum,
368 2975 411 3041 ita
425 2977 522 3062 ,etiam
542 2973 689 3042 Heracliti
716 2913 878 3042 thetricum
899 2980 1030 3061 quamvis
1058 2979 1212 3046 obscuram
1235 2980 1273 3046 ad
1294 2987 1399 3063 nagor:

239 3061 318 3130 diam
338 3061 505 3145 transtulit,
526 3081 635 3126 annum
657 3059 821 3146 (ἐνιαυτὸν)
843 3061 920 3125 dixit
940 3061 1115 3167 appellatum
1138 3087 1222 3132 esse:

318 3141 483 3212 ‘Ooctce’
506 3145 538 3211 έν
559 3140 644 3232 αὑτῷ
665 3141 765 3208 πάντα
786 3144 950 3228 συλλαβών
970 3151 1039 3227 ἔχει.

237 3229 300 3298 vid.
319 3229 448 3296 Achillis
469 3229 555 3298 Tatii
581 3229 737 3296 introduct.
767 3229 909 3294 inritati
930 3229 1095 3298 Phaenoni.
1115 3255 1145 3322 p.
1165 3233 1225 3318 91,
1257 3233 1307 3298 uhi
1331 3225 1397 3293 mule

237 3315 373 3382 homines
403 3314 481 3382 docti
511 3337 568 3382 ana
588 3322 699 3382 aestum
721 3321 887 3397 removent,
909 3316 959 3402 qui
980 3315 1045 3400 hic,
1071 3317 1121 3382 uhi
1142 3319 1332 3405 veriloquium
1352 3332 1398 3375 no·

237 3399 327 3469 uinis
346 3399 533 3470 indicandum
569 3401 621 3484 uit,
641 3401 714 3466 saltis
735 3399 825 3464 hahet
844 3401 1054 3467 excusationis.

272 3491 276 3499 '
320 3481 479 3586 Hermippi
498 3485 664 3584 Pistrices
683 3483 866 3585 potissimum
897 3485 929 3548 in
956 3485 1132 3586 Hyperbolo
1162 3490 1300 3586 eiusque·
1313 3487 1396 3580 matre

237 3568 1397 3749 ttttthltttt,llfflttdlttlthtt‘'{0tltt³¹}‚tt¹¹d}⁰³,‘dl

237 3738 521 3892 norqsiqtermittaot'
529 3756 621 3804 uuum
633 3737 814 3834 eundemque
827 3739 1109 3834 homiuemsssaeplus
1120 3743 1219 3810 ridere
1241 3766 1275 3809 ac
1285 3757 1396 3814 vexare,

237 3845 267 3891 v.
360 3847 369 3888 r
486 3853 497 3876 ··
739 3846 742 3854 ¹
1016 3863 1017 3871 ι
1225 3868 1230 3877 ,

317 3897 410 3973 Οὗτοι
432 3901 465 3969 δ’
488 3900 538 3982 ὡς-
551 3901 636 3985 ἅπαξ
656 3904 831 3994 παρέδωκεν
850 3907 950 3991 λαβὴν
964 3895 1165 3996 Ὑπέρβολος,
1201 3954 1203 3962 ·
1232 3955 1236 3962 -

321 3995 445 4057 Τοῦτον
469 3991 603 4062 teocam
629 3992 793 4081 solerpo'ic'
819 3991 869 4058 ‘ciel
895 3996 945 4058 nat
971 3994 1072 4078 τὴνμ
1096 3989 1179 4079 ‘dem

319 4073 455 4154 Εὔπολις
474 4077 531 4159 μέν
551 4076 607 4143 τὸν
626 4081 778 4164 Μαρικᾶν
803 4074 975 4164 πρώτιστον
995 4103 1084 4165 παρα
1122 4105 1203 4160 οσιν,
1254 4107 1257 4114 ·

313 4159 507 4245 Ἐκστρέψὰς
524 4163 599 4272 poia·
618 4159 784 4250 ἡμετέρους
804 4163 1027 4241 ἱππέαςκακὸς
1048 4171 1162 4244 κακῶς,

318 4249 480 4333 Προσθιές
499 4253 587 4336 αυτῷ
607 4253 706 4337 γραῦν
724 4245 867 4336 μεθέσρν
886 4255 942 4319 τοῦ.
962 4246 1113 4336 κόρδακος
1134 4247 1246 4335 οὕνεχ’,
1266 4243 1304 4333 ἢν

321 4331 475 4420 (Βρένιχος
495 4329 591 4402 πάλαι
611 4333 766 4418 πεποίηχ’,
786 4332 826 4417 ἣν
844 4332 881 4401 sd
901 4339 993 4418 eripete
1012 4333 1135 4417 ἤσθιεν·

318 4409 393 4482 Eli?
410 4415 590 4504 Ἕρμιππος
615 4415 710 4498 αὖθις
730 4421 872 4504 έποέρσιιι
896 4416 1155 4509 ιίςέΥπέρβολον,
