<?xml version="1.0" encoding="UTF-8"?>
<!DOCTYPE html PUBLIC "-//W3C//DTD XHTML 1.0 Transitional//EN"
    "http://www.w3.org/TR/xhtml1/DTD/xhtml1-transitional.dtd">
<html xmlns="http://www.w3.org/1999/xhtml" xml:lang="en" lang="en">
 <head>
  <title>
</title>
<meta http-equiv="Content-Type" content="text/html;charset=utf-8" />
  <meta name='ocr-system' content='tesseract 3.04.00' />
  <meta name='ocr-capabilities' content='ocr_page ocr_carea ocr_par ocr_line ocrx_word'/>
</head>
<body>
  <div class='ocr_page' id='page_1' title='image "./commentationumd00kggoog_0113.png"; bbox 0 0 3018 5064; ppageno 0'>
   <div class='ocr_carea' id='block_1_1' title="bbox 260 235 1044 409">
    <p class='ocr_par' dir='ltr' id='par_1_1' title="bbox 260 235 1044 409">
     <span class='ocr_line' id='line_1_1' title="bbox 260 235 1044 409; baseline -0.008 -33"><span class='ocrx_word' id='word_1_1' title='bbox 260 313 305 380; x_wconf 72' lang='lat' dir='ltr'><strong>aa</strong></span> <span class='ocrx_word' id='word_1_2' title='bbox 640 235 1044 409; x_wconf 71' lang='lat' dir='ltr'><strong>comminiscens</strong></span> 
     </span>
    </p>
   </div>
   <div class='ocr_carea' id='block_1_2' title="bbox 259 473 1438 2155">
    <p class='ocr_par' dir='ltr' id='par_1_2' title="bbox 259 473 1438 1906">
     <span class='ocr_line' id='line_1_2' title="bbox 259 473 1437 576; baseline -0.003 -32"><span class='ocrx_word' id='word_1_3' title='bbox 259 477 374 544; x_wconf 89' lang='lat' dir='ltr'><strong>laetitia</strong></span> <span class='ocrx_word' id='word_1_4' title='bbox 394 475 515 542; x_wconf 88' lang='lat' dir='ltr'><strong>vivendi</strong></span> <span class='ocrx_word' id='word_1_5' title='bbox 536 475 733 576; x_wconf 69' lang='lat' dir='ltr'>accipiebant,</span> <span class='ocrx_word' id='word_1_6' title='bbox 753 473 807 538; x_wconf 89' lang='lat' dir='ltr'><strong>sed</strong></span> <span class='ocrx_word' id='word_1_7' title='bbox 829 473 943 538; x_wconf 86' lang='lat' dir='ltr'><strong>animos</strong></span> <span class='ocrx_word' id='word_1_8' title='bbox 965 473 1052 537; x_wconf 89' lang='lat' dir='ltr'><strong>etiam</strong></span> <span class='ocrx_word' id='word_1_9' title='bbox 1075 495 1128 562; x_wconf 90' lang='lat' dir='ltr'><strong>spe</strong></span> <span class='ocrx_word' id='word_1_10' title='bbox 1149 473 1276 538; x_wconf 90' lang='lat' dir='ltr'><strong>meliore</strong></span> <span class='ocrx_word' id='word_1_11' title='bbox 1293 477 1437 542; x_wconf 91' lang='lat' dir='ltr'><strong>moriendi</strong></span> 
     </span>
     <span class='ocr_line' id='line_1_3' title="bbox 261 560 1436 646; baseline -0.002 -18"><span class='ocrx_word' id='word_1_12' title='bbox 261 561 481 628; x_wconf 77' lang='lat' dir='ltr'><strong>sustentabant:</strong></span> <span class='ocrx_word' id='word_1_13' title='bbox 525 567 634 625; x_wconf 79' lang='lat' dir='ltr'><strong>etenum</strong></span> <span class='ocrx_word' id='word_1_14' title='bbox 667 560 783 623; x_wconf 89' lang='lat' dir='ltr'><strong>animus</strong></span> <span class='ocrx_word' id='word_1_15' title='bbox 815 565 1015 646; x_wconf 88' lang='lat' dir='ltr'><strong>cognoverat,</strong></span> <span class='ocrx_word' id='word_1_16' title='bbox 1059 579 1093 622; x_wconf 88' lang='lat' dir='ltr'><strong>se</strong></span> <span class='ocrx_word' id='word_1_17' title='bbox 1120 560 1290 624; x_wconf 85' lang='lat' dir='ltr'><strong>arctissimo</strong></span> <span class='ocrx_word' id='word_1_18' title='bbox 1320 561 1436 626; x_wconf 87' lang='lat' dir='ltr'><strong>vinculo</strong></span> 
     </span>
     <span class='ocr_line' id='line_1_4' title="bbox 262 643 1437 732; baseline -0.002 -20"><span class='ocrx_word' id='word_1_19' title='bbox 262 671 328 713; x_wconf 91' lang='lat' dir='ltr'><strong>cnm</strong></span> <span class='ocrx_word' id='word_1_20' title='bbox 349 647 408 712; x_wconf 91' lang='lat' dir='ltr'><strong>deo</strong></span> <span class='ocrx_word' id='word_1_21' title='bbox 432 645 616 710; x_wconf 88' lang='lat' dir='ltr'><strong>coniunctum</strong></span> <span class='ocrx_word' id='word_1_22' title='bbox 638 665 721 724; x_wconf 89' lang='lat' dir='ltr'><strong>esse,</strong></span> <span class='ocrx_word' id='word_1_23' title='bbox 756 643 790 706; x_wconf 90' lang='lat' dir='ltr'><strong>in</strong></span> <span class='ocrx_word' id='word_1_24' title='bbox 816 664 850 706; x_wconf 89' lang='lat' dir='ltr'><strong>se</strong></span> <span class='ocrx_word' id='word_1_25' title='bbox 877 643 943 732; x_wconf 80' lang='lat' dir='ltr'><strong>ipro</strong></span> <span class='ocrx_word' id='word_1_26' title='bbox 970 643 1087 708; x_wconf 90' lang='lat' dir='ltr'><strong>divinos</strong></span> <span class='ocrx_word' id='word_1_27' title='bbox 1114 645 1259 729; x_wconf 85' lang='lat' dir='ltr'><strong>quosdam</strong></span> <span class='ocrx_word' id='word_1_28' title='bbox 1289 644 1301 708; x_wconf 93' lang='lat' dir='ltr'><strong>i</strong></span> <span class='ocrx_word' id='word_1_29' title='bbox 1326 645 1437 711; x_wconf 90' lang='lat' dir='ltr'><strong>nieolos</strong></span> 
     </span>
     <span class='ocr_line' id='line_1_5' title="bbox 262 727 1438 822; baseline -0.003 -24"><span class='ocrx_word' id='word_1_30' title='bbox 262 733 405 822; x_wconf 89' lang='lat' dir='ltr'><strong>reperiri,</strong></span> <span class='ocrx_word' id='word_1_31' title='bbox 437 729 612 816; x_wconf 81' lang='lat' dir='ltr'><strong>omninoque</strong></span> <span class='ocrx_word' id='word_1_32' title='bbox 640 749 674 793; x_wconf 89' lang='lat' dir='ltr'><strong>se</strong></span> <span class='ocrx_word' id='word_1_33' title='bbox 699 747 762 794; x_wconf 87' lang='lat' dir='ltr'><strong>nen</strong></span> <span class='ocrx_word' id='word_1_34' title='bbox 782 727 933 795; x_wconf 88' lang='lat' dir='ltr'><strong>diversum</strong></span> <span class='ocrx_word' id='word_1_35' title='bbox 954 749 1022 792; x_wconf 87' lang='lat' dir='ltr'><strong>esse</strong></span> <span class='ocrx_word' id='word_1_36' title='bbox 1045 729 1081 794; x_wconf 89' lang='lat' dir='ltr'><strong>ab</strong></span> <span class='ocrx_word' id='word_1_37' title='bbox 1103 729 1169 816; x_wconf 90' lang='lat' dir='ltr'><strong>ipso</strong></span> <span class='ocrx_word' id='word_1_38' title='bbox 1190 729 1260 794; x_wconf 90' lang='lat' dir='ltr'><strong>deo.</strong></span> <span class='ocrx_word' id='word_1_39' title='bbox 1341 731 1367 794; x_wconf 91' lang='lat' dir='ltr'><strong>&#39;s</strong></span> <span class='ocrx_word' id='word_1_40' title='bbox 1390 751 1438 794; x_wconf 89' lang='lat' dir='ltr'><strong>an·</strong></span> 
     </span>
     <span class='ocr_line' id='line_1_6' title="bbox 263 813 1437 914; baseline -0.005 -30"><span class='ocrx_word' id='word_1_41' title='bbox 263 825 322 897; x_wconf 83' lang='lat' dir='ltr'><strong>tem</strong></span> <span class='ocrx_word' id='word_1_42' title='bbox 342 817 457 905; x_wconf 90' lang='lat' dir='ltr'><strong>placitis</strong></span> <span class='ocrx_word' id='word_1_43' title='bbox 485 815 598 880; x_wconf 90' lang='lat' dir='ltr'><strong>animos</strong></span> <span class='ocrx_word' id='word_1_44' title='bbox 619 813 769 880; x_wconf 89' lang='lat' dir='ltr'><strong>hominnm</strong></span> <span class='ocrx_word' id='word_1_45' title='bbox 790 813 993 877; x_wconf 84' lang='lat' dir='ltr'><strong>vehementius</strong></span> <span class='ocrx_word' id='word_1_46' title='bbox 1016 821 1173 878; x_wconf 83' lang='lat' dir='ltr'><strong>commotos</strong></span> <span class='ocrx_word' id='word_1_47' title='bbox 1189 813 1370 914; x_wconf 73' lang='lat' dir='ltr'>alacresque</span> <span class='ocrx_word' id='word_1_48' title='bbox 1395 815 1437 878; x_wconf 89' lang='lat' dir='ltr'><strong>la·</strong></span> 
     </span>
     <span class='ocr_line' id='line_1_7' title="bbox 263 897 1438 986; baseline -0.003 -19"><span class='ocrx_word' id='word_1_49' title='bbox 263 911 326 968; x_wconf 90' lang='lat' dir='ltr'><strong>ctos</strong></span> <span class='ocrx_word' id='word_1_50' title='bbox 353 923 421 966; x_wconf 89' lang='lat' dir='ltr'><strong>esse</strong></span> <span class='ocrx_word' id='word_1_51' title='bbox 449 908 678 966; x_wconf 87' lang='lat' dir='ltr'><strong>consentaneum</strong></span> <span class='ocrx_word' id='word_1_52' title='bbox 705 911 766 980; x_wconf 86' lang='lat' dir='ltr'><strong>est,</strong></span> <span class='ocrx_word' id='word_1_53' title='bbox 799 897 854 962; x_wconf 86' lang='lat' dir='ltr'><strong>sed</strong></span> <span class='ocrx_word' id='word_1_54' title='bbox 880 899 917 961; x_wconf 94' lang='lat' dir='ltr'><strong>ab</strong></span> <span class='ocrx_word' id='word_1_55' title='bbox 938 898 1005 986; x_wconf 88' lang='lat' dir='ltr'><strong>ipsa</strong></span> <span class='ocrx_word' id='word_1_56' title='bbox 1024 897 1077 961; x_wconf 91' lang='lat' dir='ltr'><strong>illa</strong></span> <span class='ocrx_word' id='word_1_57' title='bbox 1098 898 1253 963; x_wconf 73' lang='lat' dir='ltr'><strong>alacritate</strong></span> <span class='ocrx_word' id='word_1_58' title='bbox 1275 919 1438 966; x_wconf 83' lang='lat' dir='ltr'><strong>annnrornnn</strong></span> 
     </span>
     <span class='ocr_line' id='line_1_8' title="bbox 261 982 1437 1072; baseline -0.005 -20"><span class='ocrx_word' id='word_1_59' title='bbox 261 987 345 1052; x_wconf 92' lang='lat' dir='ltr'><strong>labes</strong></span> <span class='ocrx_word' id='word_1_60' title='bbox 368 987 455 1050; x_wconf 88' lang='lat' dir='ltr'><strong>etiam</strong></span> <span class='ocrx_word' id='word_1_61' title='bbox 478 993 508 1050; x_wconf 90' lang='lat' dir='ltr'><strong>et</strong></span> <span class='ocrx_word' id='word_1_62' title='bbox 535 982 701 1072; x_wconf 84' lang='lat' dir='ltr'><strong>corruptela</strong></span> <span class='ocrx_word' id='word_1_63' title='bbox 728 982 909 1070; x_wconf 86' lang='lat' dir='ltr'><strong>gravissima</strong></span> <span class='ocrx_word' id='word_1_64' title='bbox 934 990 1003 1058; x_wconf 81' lang='lat' dir='ltr'><strong>orta</strong></span> <span class='ocrx_word' id='word_1_65' title='bbox 1026 989 1087 1064; x_wconf 84' lang='lat' dir='ltr'><strong>est,</strong></span> <span class='ocrx_word' id='word_1_66' title='bbox 1120 984 1212 1048; x_wconf 92' lang='lat' dir='ltr'><strong>animi</strong></span> <span class='ocrx_word' id='word_1_67' title='bbox 1241 983 1324 1048; x_wconf 83' lang='lat' dir='ltr'><strong>enim</strong></span> <span class='ocrx_word' id='word_1_68' title='bbox 1353 982 1437 1048; x_wconf 90' lang='lat' dir='ltr'><strong>altius</strong></span> 
     </span>
     <span class='ocr_line' id='line_1_9' title="bbox 263 1067 1437 1156; baseline -0.004 -19"><span class='ocrx_word' id='word_1_69' title='bbox 263 1073 334 1138; x_wconf 89' lang='lat' dir='ltr'><strong>elati</strong></span> <span class='ocrx_word' id='word_1_70' title='bbox 354 1092 424 1135; x_wconf 83' lang='lat' dir='ltr'><strong>mox</strong></span> <span class='ocrx_word' id='word_1_71' title='bbox 445 1091 560 1134; x_wconf 89' lang='lat' dir='ltr'><strong>omnem</strong></span> <span class='ocrx_word' id='word_1_72' title='bbox 579 1069 705 1135; x_wconf 85' lang='lat' dir='ltr'><strong>¹modum</strong></span> <span class='ocrx_word' id='word_1_73' title='bbox 726 1069 845 1154; x_wconf 85' lang='lat' dir='ltr'><strong>egressi</strong></span> <span class='ocrx_word' id='word_1_74' title='bbox 866 1074 945 1150; x_wconf 87' lang='lat' dir='ltr'><strong>sunt,</strong></span> <span class='ocrx_word' id='word_1_75' title='bbox 967 1067 1047 1132; x_wconf 90' lang='lat' dir='ltr'><strong>etad</strong></span> <span class='ocrx_word' id='word_1_76' title='bbox 1067 1089 1174 1134; x_wconf 90' lang='lat' dir='ltr'><strong>vanam</strong></span> <span class='ocrx_word' id='word_1_77' title='bbox 1196 1069 1437 1156; x_wconf 84' lang='lat' dir='ltr'><strong>superstitionem</strong></span> 
     </span>
     <span class='ocr_line' id='line_1_10' title="bbox 263 1151 1438 1244; baseline -0.006 -21"><span class='ocrx_word' id='word_1_78' title='bbox 263 1179 297 1223; x_wconf 87' lang='lat' dir='ltr'><strong>se</strong></span> <span class='ocrx_word' id='word_1_79' title='bbox 319 1157 550 1244; x_wconf 89' lang='lat' dir='ltr'><strong>applicaverunt,</strong></span> <span class='ocrx_word' id='word_1_80' title='bbox 571 1151 725 1218; x_wconf 84' lang='lat' dir='ltr'><strong>libidinum</strong></span> <span class='ocrx_word' id='word_1_81' title='bbox 746 1159 843 1218; x_wconf 88' lang='lat' dir='ltr'><strong>antem</strong></span> <span class='ocrx_word' id='word_1_82' title='bbox 851 1153 936 1241; x_wconf 89' lang='lat' dir='ltr'><strong>copia</strong></span> <span class='ocrx_word' id='word_1_83' title='bbox 957 1151 1104 1240; x_wconf 78' lang='lat' dir='ltr'><strong>gliscente</strong></span> <span class='ocrx_word' id='word_1_84' title='bbox 1125 1155 1158 1218; x_wconf 92' lang='lat' dir='ltr'><strong>in</strong></span> <span class='ocrx_word' id='word_1_85' title='bbox 1179 1153 1378 1221; x_wconf 83' lang='lat' dir='ltr'><strong>castimoniae</strong></span> <span class='ocrx_word' id='word_1_86' title='bbox 1398 1153 1438 1216; x_wconf 90' lang='lat' dir='ltr'><strong>lo-</strong></span> 
     </span>
     <span class='ocr_line' id='line_1_11' title="bbox 263 1237 1438 1330; baseline -0.005 -24"><span class='ocrx_word' id='word_1_87' title='bbox 263 1262 328 1306; x_wconf 89' lang='lat' dir='ltr'><strong>cum</strong></span> <span class='ocrx_word' id='word_1_88' title='bbox 348 1240 530 1330; x_wconf 89' lang='lat' dir='ltr'><strong>impudentia</strong></span> <span class='ocrx_word' id='word_1_89' title='bbox 548 1237 796 1322; x_wconf 77' lang='lat' dir='ltr'><strong>foedissimaeque</strong></span> <span class='ocrx_word' id='word_1_90' title='bbox 822 1238 988 1326; x_wconf 90' lang='lat' dir='ltr'><strong>voluptates</strong></span> <span class='ocrx_word' id='word_1_91' title='bbox 1015 1245 1240 1320; x_wconf 87' lang='lat' dir='ltr'><strong>successerunt,</strong></span> <span class='ocrx_word' id='word_1_92' title='bbox 1274 1239 1320 1302; x_wconf 90' lang='lat' dir='ltr'><strong>ita</strong></span> <span class='ocrx_word' id='word_1_93' title='bbox 1342 1245 1374 1301; x_wconf 91' lang='lat' dir='ltr'><strong>ut</strong></span> <span class='ocrx_word' id='word_1_94' title='bbox 1393 1257 1438 1301; x_wconf 91' lang='lat' dir='ltr'><strong>sa·</strong></span> 
     </span>
     <span class='ocr_line' id='line_1_12' title="bbox 263 1321 1437 1414; baseline -0.005 -22"><span class='ocrx_word' id='word_1_95' title='bbox 263 1349 378 1392; x_wconf 89' lang='lat' dir='ltr'><strong>crorum</strong></span> <span class='ocrx_word' id='word_1_96' title='bbox 399 1325 580 1414; x_wconf 84' lang='lat' dir='ltr'><strong>perturbatio</strong></span> <span class='ocrx_word' id='word_1_97' title='bbox 602 1329 633 1388; x_wconf 89' lang='lat' dir='ltr'><strong>et</strong></span> <span class='ocrx_word' id='word_1_98' title='bbox 653 1323 823 1414; x_wconf 81' lang='lat' dir='ltr'><strong>depravatio</strong></span> <span class='ocrx_word' id='word_1_99' title='bbox 844 1323 996 1388; x_wconf 89' lang='lat' dir='ltr'><strong>teterrima</strong></span> <span class='ocrx_word' id='word_1_100' title='bbox 1023 1323 1164 1388; x_wconf 89' lang='lat' dir='ltr'><strong>oriretur:</strong></span> <span class='ocrx_word' id='word_1_101' title='bbox 1199 1321 1349 1388; x_wconf 87' lang='lat' dir='ltr'><strong>hucillud</strong></span> <span class='ocrx_word' id='word_1_102' title='bbox 1372 1341 1437 1406; x_wconf 90' lang='lat' dir='ltr'><strong>quo·</strong></span> 
     </span>
     <span class='ocr_line' id='line_1_13' title="bbox 263 1407 1436 1502; baseline -0.006 -26"><span class='ocrx_word' id='word_1_103' title='bbox 263 1433 319 1502; x_wconf 88' lang='lat' dir='ltr'><strong>que</strong></span> <span class='ocrx_word' id='word_1_104' title='bbox 347 1413 487 1492; x_wconf 91' lang='lat' dir='ltr'><strong>accessit,</strong></span> <span class='ocrx_word' id='word_1_105' title='bbox 526 1409 603 1496; x_wconf 90' lang='lat' dir='ltr'><strong>quod</strong></span> <span class='ocrx_word' id='word_1_106' title='bbox 628 1410 703 1472; x_wconf 90' lang='lat' dir='ltr'><strong>haee</strong></span> <span class='ocrx_word' id='word_1_107' title='bbox 729 1429 830 1488; x_wconf 86' lang='lat' dir='ltr'><strong>sacra,</strong></span> <span class='ocrx_word' id='word_1_108' title='bbox 864 1429 928 1472; x_wconf 89' lang='lat' dir='ltr'><strong>cum</strong></span> <span class='ocrx_word' id='word_1_109' title='bbox 954 1407 1099 1495; x_wconf 89' lang='lat' dir='ltr'><strong>principio</strong></span> <span class='ocrx_word' id='word_1_110' title='bbox 1126 1429 1187 1473; x_wconf 92' lang='lat' dir='ltr'><strong>non</strong></span> <span class='ocrx_word' id='word_1_111' title='bbox 1212 1408 1277 1473; x_wconf 90' lang='lat' dir='ltr'><strong>nisi</strong></span> <span class='ocrx_word' id='word_1_112' title='bbox 1299 1429 1319 1472; x_wconf 91' lang='lat' dir='ltr'><strong>a</strong></span> <span class='ocrx_word' id='word_1_113' title='bbox 1339 1407 1436 1496; x_wconf 87' lang='lat' dir='ltr'><strong>paucis</strong></span> 
     </span>
     <span class='ocr_line' id='line_1_14' title="bbox 264 1493 1436 1576; baseline -0.007 -14"><span class='ocrx_word' id='word_1_114' title='bbox 264 1497 496 1576; x_wconf 81' lang='lat' dir='ltr'><strong>celebrarentur,</strong></span> <span class='ocrx_word' id='word_1_115' title='bbox 518 1493 641 1560; x_wconf 83' lang='lat' dir='ltr'><strong>necdum</strong></span> <span class='ocrx_word' id='word_1_116' title='bbox 655 1493 785 1558; x_wconf 81' lang='lat' dir='ltr'><strong>admissa</strong></span> <span class='ocrx_word' id='word_1_117' title='bbox 798 1499 901 1557; x_wconf 89' lang='lat' dir='ltr'><strong>essent</strong></span> <span class='ocrx_word' id='word_1_118' title='bbox 922 1515 940 1556; x_wconf 89' lang='lat' dir='ltr'><strong>a</strong></span> <span class='ocrx_word' id='word_1_119' title='bbox 961 1493 1090 1574; x_wconf 90' lang='lat' dir='ltr'><strong>civitate,</strong></span> <span class='ocrx_word' id='word_1_120' title='bbox 1102 1493 1144 1565; x_wconf 65' lang='lat' dir='ltr'><strong>‚in</strong></span> <span class='ocrx_word' id='word_1_121' title='bbox 1157 1493 1273 1558; x_wconf 88' lang='lat' dir='ltr'><strong>occulto</strong></span> <span class='ocrx_word' id='word_1_122' title='bbox 1296 1499 1436 1558; x_wconf 89' lang='lat' dir='ltr'><strong>nocturno</strong></span> 
     </span>
     <span class='ocr_line' id='line_1_15' title="bbox 263 1577 1435 1676; baseline -0.007 -29"><span class='ocrx_word' id='word_1_123' title='bbox 263 1581 439 1676; x_wconf 88' lang='lat' dir='ltr'><strong>praesertim</strong></span> <span class='ocrx_word' id='word_1_124' title='bbox 461 1589 592 1668; x_wconf 90' lang='lat' dir='ltr'><strong>tempore</strong></span> <span class='ocrx_word' id='word_1_125' title='bbox 614 1579 800 1644; x_wconf 75' lang='lat' dir='ltr'><strong>colebanturt</strong></span> <span class='ocrx_word' id='word_1_126' title='bbox 822 1585 985 1642; x_wconf 88' lang='lat' dir='ltr'><strong>noeturnae</strong></span> <span class='ocrx_word' id='word_1_127' title='bbox 1006 1579 1167 1644; x_wconf 89' lang='lat' dir='ltr'><strong>veroistae</strong></span> <span class='ocrx_word' id='word_1_128' title='bbox 1187 1577 1435 1668; x_wconf 81' lang='lat' dir='ltr'><strong>pervigilationes</strong></span> 
     </span>
     <span class='ocr_line' id='line_1_16' title="bbox 264 1662 1435 1766; baseline -0.008 -33"><span class='ocrx_word' id='word_1_129' title='bbox 264 1669 353 1733; x_wconf 88' lang='lat' dir='ltr'><strong>etiam</strong></span> <span class='ocrx_word' id='word_1_130' title='bbox 374 1674 487 1754; x_wconf 88' lang='lat' dir='ltr'><strong>postea,</strong></span> <span class='ocrx_word' id='word_1_131' title='bbox 510 1685 574 1730; x_wconf 88' lang='lat' dir='ltr'><strong>enm</strong></span> <span class='ocrx_word' id='word_1_132' title='bbox 587 1671 688 1729; x_wconf 89' lang='lat' dir='ltr'><strong>essent</strong></span> <span class='ocrx_word' id='word_1_133' title='bbox 709 1663 766 1727; x_wconf 89' lang='lat' dir='ltr'><strong>hae</strong></span> <span class='ocrx_word' id='word_1_134' title='bbox 791 1662 957 1750; x_wconf 82' lang='lat' dir='ltr'><strong>religiones</strong></span> <span class='ocrx_word' id='word_1_135' title='bbox 978 1662 1011 1726; x_wconf 92' lang='lat' dir='ltr'><strong>in</strong></span> <span class='ocrx_word' id='word_1_136' title='bbox 1033 1662 1180 1728; x_wconf 89' lang='lat' dir='ltr'><strong>civitatem</strong></span> <span class='ocrx_word' id='word_1_137' title='bbox 1201 1669 1356 1766; x_wconf 87' lang='lat' dir='ltr'><strong>receptae,</strong></span> <span class='ocrx_word' id='word_1_138' title='bbox 1377 1681 1435 1726; x_wconf 89' lang='lat' dir='ltr'><strong>ser-</strong></span> 
     </span>
     <span class='ocr_line' id='line_1_17' title="bbox 263 1745 1435 1831; baseline -0.006 -14"><span class='ocrx_word' id='word_1_139' title='bbox 263 1761 349 1818; x_wconf 90' lang='lat' dir='ltr'><strong>vatae</strong></span> <span class='ocrx_word' id='word_1_140' title='bbox 371 1758 491 1816; x_wconf 88' lang='lat' dir='ltr'><strong>suntet</strong></span> <span class='ocrx_word' id='word_1_141' title='bbox 511 1768 624 1816; x_wconf 77' lang='lat' dir='ltr'><strong>sumnia</strong></span> <span class='ocrx_word' id='word_1_142' title='bbox 645 1747 742 1813; x_wconf 67' lang='lat' dir='ltr'><strong>modio</strong></span> <span class='ocrx_word' id='word_1_143' title='bbox 771 1745 883 1831; x_wconf 87' lang='lat' dir='ltr'><strong>cultae,</strong></span> <span class='ocrx_word' id='word_1_144' title='bbox 915 1747 958 1812; x_wconf 87' lang='lat' dir='ltr'><strong>ite</strong></span> <span class='ocrx_word' id='word_1_145' title='bbox 978 1753 1011 1812; x_wconf 94' lang='lat' dir='ltr'><strong>ut</strong></span> <span class='ocrx_word' id='word_1_146' title='bbox 1030 1748 1171 1814; x_wconf 79' lang='lat' dir='ltr'><strong>facillime</strong></span> <span class='ocrx_word' id='word_1_147' title='bbox 1192 1751 1288 1818; x_wconf 89' lang='lat' dir='ltr'><strong>auimr</strong></span> <span class='ocrx_word' id='word_1_148' title='bbox 1309 1746 1435 1815; x_wconf 78' lang='lat' dir='ltr'><strong>exsulta</strong></span> 
     </span>
     <span class='ocr_line' id='line_1_18' title="bbox 262 1835 584 1906; baseline -0.016 -1"><span class='ocrx_word' id='word_1_149' title='bbox 262 1845 331 1906; x_wconf 85' lang='lat' dir='ltr'><strong>rent</strong></span> <span class='ocrx_word' id='word_1_150' title='bbox 352 1844 381 1900; x_wconf 90' lang='lat' dir='ltr'><strong>et</strong></span> <span class='ocrx_word' id='word_1_151' title='bbox 401 1835 584 1901; x_wconf 89' lang='lat' dir='ltr'><strong>lascivirent.</strong></span> 
     </span>
    </p>

    <p class='ocr_par' dir='ltr' id='par_1_3' title="bbox 263 1915 1434 2155">
     <span class='ocr_line' id='line_1_19' title="bbox 348 1915 1434 2012; baseline -0.004 -26"><span class='ocrx_word' id='word_1_152' title='bbox 348 1921 434 1986; x_wconf 88' lang='lat' dir='ltr'><strong>Haec</strong></span> <span class='ocrx_word' id='word_1_153' title='bbox 454 1922 593 1988; x_wconf 88' lang='lat' dir='ltr'><strong>inchoata</strong></span> <span class='ocrx_word' id='word_1_154' title='bbox 613 1919 710 2008; x_wconf 87' lang='lat' dir='ltr'><strong>magis</strong></span> <span class='ocrx_word' id='word_1_155' title='bbox 737 1941 824 2006; x_wconf 91' lang='lat' dir='ltr'><strong>qoam</strong></span> <span class='ocrx_word' id='word_1_156' title='bbox 848 1919 997 2010; x_wconf 81' lang='lat' dir='ltr'><strong>perfecta,</strong></span> <span class='ocrx_word' id='word_1_157' title='bbox 1029 1942 1094 1988; x_wconf 92' lang='lat' dir='ltr'><strong>cum</strong></span> <span class='ocrx_word' id='word_1_158' title='bbox 1122 1927 1153 1987; x_wconf 89' lang='lat' dir='ltr'><strong>et</strong></span> <span class='ocrx_word' id='word_1_159' title='bbox 1172 1921 1270 2012; x_wconf 90' lang='lat' dir='ltr'><strong>ipsius</strong></span> <span class='ocrx_word' id='word_1_160' title='bbox 1292 1919 1340 1986; x_wconf 87' lang='lat' dir='ltr'><strong>rei</strong></span> <span class='ocrx_word' id='word_1_161' title='bbox 1361 1915 1434 1982; x_wconf 86' lang='lat' dir='ltr'><strong>dilii-</strong></span> 
     </span>
     <span class='ocr_line' id='line_1_20' title="bbox 263 2001 1432 2155; baseline -0.005 -83"><span class='ocrx_word' id='word_1_162' title='bbox 263 2008 356 2073; x_wconf 88' lang='lat' dir='ltr'><strong>cultas</strong></span> <span class='ocrx_word' id='word_1_163' title='bbox 378 2007 610 2091; x_wconf 83' lang='lat' dir='ltr'><strong>obscuritasque,</strong></span> <span class='ocrx_word' id='word_1_164' title='bbox 632 2012 662 2072; x_wconf 88' lang='lat' dir='ltr'><strong>et</strong></span> <span class='ocrx_word' id='word_1_165' title='bbox 682 2007 741 2070; x_wconf 88' lang='lat' dir='ltr'><strong>loci</strong></span> <span class='ocrx_word' id='word_1_166' title='bbox 762 2008 919 2155; x_wconf 57' lang='lat' dir='ltr'><strong>angustiae</strong></span> <span class='ocrx_word' id='word_1_167' title='bbox 940 2008 1095 2089; x_wconf 90' lang='lat' dir='ltr'><strong>obessent,</strong></span> <span class='ocrx_word' id='word_1_168' title='bbox 1116 2005 1336 2096; x_wconf 89' lang='lat' dir='ltr'><strong>praemittenda</strong></span> <span class='ocrx_word' id='word_1_169' title='bbox 1357 2001 1432 2080; x_wconf 81' lang='lat' dir='ltr'><strong>duxi,</strong></span> 
     </span>
    </p>
   </div>
   <div class='ocr_carea' id='block_1_3' title="bbox 264 2079 1489 2263">
    <p class='ocr_par' dir='ltr' id='par_1_4' title="bbox 264 2079 1489 2263">
     <span class='ocr_line' id='line_1_21' title="bbox 264 2079 1489 2181; baseline -0.007 -23"><span class='ocrx_word' id='word_1_170' title='bbox 264 2101 419 2178; x_wconf 89' lang='lat' dir='ltr'><strong>antequam</strong></span> <span class='ocrx_word' id='word_1_171' title='bbox 452 2091 489 2158; x_wconf 87' lang='lat' dir='ltr'><strong>de</strong></span> <span class='ocrx_word' id='word_1_172' title='bbox 522 2091 646 2156; x_wconf 88' lang='lat' dir='ltr'><strong>consilio</strong></span> <span class='ocrx_word' id='word_1_173' title='bbox 673 2089 761 2155; x_wconf 91' lang='lat' dir='ltr'><strong>huius</strong></span> <span class='ocrx_word' id='word_1_174' title='bbox 810 2092 915 2156; x_wconf 88' lang='lat' dir='ltr'><strong>abulae</strong></span> <span class='ocrx_word' id='word_1_175' title='bbox 942 2079 1103 2157; x_wconf 79' lang='lat' dir='ltr'><strong>Cratineae</strong></span> <span class='ocrx_word' id='word_1_176' title='bbox 1130 2115 1226 2181; x_wconf 90' lang='lat' dir='ltr'><strong>panca</strong></span> <span class='ocrx_word' id='word_1_177' title='bbox 1252 2091 1432 2158; x_wconf 88' lang='lat' dir='ltr'><strong>subiicerem.</strong></span> <span class='ocrx_word' id='word_1_178' title='bbox 1488 2103 1489 2178; x_wconf 59' lang='grc' dir='ltr'>ξ</span> 
     </span>
     <span class='ocr_line' id='line_1_22' title="bbox 264 2174 1489 2263; baseline -0.009 -19"><span class='ocrx_word' id='word_1_179' title='bbox 264 2174 1077 2258; x_wconf 76' lang='lat' dir='ltr'><strong>AsciverantenimtnncAthoniensessaeraBendidis,</strong></span> <span class='ocrx_word' id='word_1_180' title='bbox 1100 2176 1432 2263; x_wconf 86' lang='lat' dir='ltr'><strong>quaeaThracibnsae·</strong></span> <span class='ocrx_word' id='word_1_181' title='bbox 1488 2185 1489 2224; x_wconf 86' lang='grc'>1</span> 
     </span>
    </p>
   </div>
   <div class='ocr_carea' id='block_1_4' title="bbox 262 2259 1432 3038">
    <p class='ocr_par' dir='ltr' id='par_1_5' title="bbox 262 2259 1432 3038">
     <span class='ocr_line' id='line_1_23' title="bbox 264 2259 1432 2352; baseline -0.005 -24"><span class='ocrx_word' id='word_1_182' title='bbox 264 2269 413 2352; x_wconf 90' lang='lat' dir='ltr'><strong>ceperant.</strong></span> <span class='ocrx_word' id='word_1_183' title='bbox 445 2261 522 2328; x_wconf 82' lang='lat' dir='ltr'><strong>Cum</strong></span> <span class='ocrx_word' id='word_1_184' title='bbox 542 2263 599 2328; x_wconf 89' lang='lat' dir='ltr'><strong>bac</strong></span> <span class='ocrx_word' id='word_1_185' title='bbox 620 2262 699 2326; x_wconf 88' lang='lat' dir='ltr'><strong>enim</strong></span> <span class='ocrx_word' id='word_1_186' title='bbox 721 2267 811 2350; x_wconf 82' lang='lat' dir='ltr'><strong>gente</strong></span> <span class='ocrx_word' id='word_1_187' title='bbox 823 2259 970 2326; x_wconf 73' lang='lat' dir='ltr'><strong>,diuturna</strong></span> <span class='ocrx_word' id='word_1_188' title='bbox 990 2263 1131 2327; x_wconf 87' lang='lat' dir='ltr'><strong>societate</strong></span> <span class='ocrx_word' id='word_1_189' title='bbox 1151 2270 1182 2328; x_wconf 90' lang='lat' dir='ltr'><strong>et</strong></span> <span class='ocrx_word' id='word_1_190' title='bbox 1203 2263 1335 2330; x_wconf 90' lang='lat' dir='ltr'><strong>amicitia</strong></span> <span class='ocrx_word' id='word_1_191' title='bbox 1355 2259 1432 2323; x_wconf 81' lang='lat' dir='ltr'><strong>erant</strong></span> 
     </span>
     <span class='ocr_line' id='line_1_24' title="bbox 265 2339 1431 2434; baseline -0.009 -21"><span class='ocrx_word' id='word_1_192' title='bbox 265 2347 405 2413; x_wconf 90' lang='lat' dir='ltr'><strong>conlati:</strong></span> <span class='ocrx_word' id='word_1_193' title='bbox 444 2347 514 2412; x_wconf 88' lang='lat' dir='ltr'><strong>hine</strong></span> <span class='ocrx_word' id='word_1_194' title='bbox 541 2367 602 2411; x_wconf 94' lang='lat' dir='ltr'><strong>non</strong></span> <span class='ocrx_word' id='word_1_195' title='bbox 629 2348 734 2412; x_wconf 74' lang='lat' dir='ltr'><strong>mirum</strong></span> <span class='ocrx_word' id='word_1_196' title='bbox 761 2354 809 2410; x_wconf 87' lang='lat' dir='ltr'><strong>est</strong></span> <span class='ocrx_word' id='word_1_197' title='bbox 845 2347 922 2431; x_wconf 90' lang='lat' dir='ltr'><strong>qnod</strong></span> <span class='ocrx_word' id='word_1_198' title='bbox 948 2347 1023 2412; x_wconf 87' lang='lat' dir='ltr'><strong>ritus</strong></span> <span class='ocrx_word' id='word_1_199' title='bbox 1052 2367 1165 2434; x_wconf 89' lang='lat' dir='ltr'><strong>quoqne</strong></span> <span class='ocrx_word' id='word_1_200' title='bbox 1191 2343 1228 2414; x_wconf 66' lang='lat' dir='ltr'><strong>&#39;et</strong></span> <span class='ocrx_word' id='word_1_201' title='bbox 1254 2367 1344 2414; x_wconf 87' lang='lat' dir='ltr'><strong>sacra</strong></span> <span class='ocrx_word' id='word_1_202' title='bbox 1368 2339 1431 2407; x_wconf 86' lang='lat' dir='ltr'><strong>indo</strong></span> 
     </span>
     <span class='ocr_line' id='line_1_25' title="bbox 264 2369 1431 2546; baseline -0.008 -46"><span class='ocrx_word' id='word_1_203' title='bbox 264 2369 401 2500; x_wconf 77' lang='lat' dir='ltr'><strong>Atineuas</strong></span> <span class='ocrx_word' id='word_1_204' title='bbox 410 2432 522 2541; x_wconf 67' lang='lat' dir='ltr'><strong>lueqint</strong></span> <span class='ocrx_word' id='word_1_205' title='bbox 538 2431 692 2496; x_wconf 88' lang='lat' dir='ltr'><strong>translata.</strong></span> <span class='ocrx_word' id='word_1_206' title='bbox 734 2429 1086 2542; x_wconf 48' lang='lat' dir='ltr'><strong>blemorabilis&#39;inprimis</strong></span> <span class='ocrx_word' id='word_1_207' title='bbox 1096 2441 1146 2542; x_wconf 73' lang='lat' dir='ltr'><strong>pst</strong></span> <span class='ocrx_word' id='word_1_208' title='bbox 1156 2433 1308 2546; x_wconf 68' lang='lat' dir='ltr'><strong>Hespchii</strong></span> <span class='ocrx_word' id='word_1_209' title='bbox 1315 2429 1431 2540; x_wconf 71' lang='lat' dir='ltr'><strong>glossq:</strong></span> 
     </span>
     <span class='ocr_line' id='line_1_26' title="bbox 264 2513 1432 2692; baseline -0.012 -24"><span class='ocrx_word' id='word_1_210' title='bbox 264 2517 1199 2688; x_wconf 46' lang='lat' dir='ltr'><strong>titillabit&amp;bittitidtittititt’</strong></span> <span class='ocrx_word' id='word_1_211' title='bbox 1222 2545 1292 2692; x_wconf 65' lang='lat' dir='ltr'><strong>’lii‘</strong></span> <span class='ocrx_word' id='word_1_212' title='bbox 1310 2513 1432 2670; x_wconf 65' lang='lat' dir='ltr'><strong>didi</strong></span> 
     </span>
     <span class='ocr_line' id='line_1_27' title="bbox 263 2631 1432 2774; baseline -0.005 -20"><span class='ocrx_word' id='word_1_213' title='bbox 263 2687 337 2765; x_wconf 74' lang='grc' dir='ltr'><strong><em>τοὺς</em></strong></span> <span class='ocrx_word' id='word_1_214' title='bbox 358 2685 520 2774; x_wconf 79' lang='grc' dir='ltr'><strong>κλήρους),</strong></span> <span class='ocrx_word' id='word_1_215' title='bbox 540 2684 560 2770; x_wconf 73' lang='lat' dir='ltr'><strong>ii</strong></span> <span class='ocrx_word' id='word_1_216' title='bbox 583 2684 629 2752; x_wconf 82' lang='grc' dir='ltr'><strong>ὅτι</strong></span> <span class='ocrx_word' id='word_1_217' title='bbox 652 2683 707 2752; x_wconf 75' lang='grc' dir='ltr'><strong>δύο</strong></span> <span class='ocrx_word' id='word_1_218' title='bbox 729 2684 841 2772; x_wconf 79' lang='grc' dir='ltr'><em>λόγχας</em></span> <span class='ocrx_word' id='word_1_219' title='bbox 862 2686 948 2774; x_wconf 72' lang='grc' dir='ltr'><strong><em>φέρει</em></strong></span> <span class='ocrx_word' id='word_1_220' title='bbox 968 2689 1144 2773; x_wconf 80' lang='grc' dir='ltr'><strong><em>κυνηγετικὴ</em></strong></span> <span class='ocrx_word' id='word_1_221' title='bbox 1167 2631 1264 2756; x_wconf 69' lang='lat' dir='ltr'><strong>orlon·</strong></span> <span class='ocrx_word' id='word_1_222' title='bbox 1288 2689 1318 2753; x_wconf 78' lang='lat' dir='ltr'><strong>oi</strong></span> <span class='ocrx_word' id='word_1_223' title='bbox 1339 2684 1372 2750; x_wconf 73' lang='grc' dir='ltr'><strong>δὲ</strong></span> <span class='ocrx_word' id='word_1_224' title='bbox 1392 2677 1432 2744; x_wconf 74' lang='grc' dir='ltr'><strong>ὅτι</strong></span> 
     </span>
     <span class='ocr_line' id='line_1_28' title="bbox 264 2768 1432 2861; baseline -0.008 -22"><span class='ocrx_word' id='word_1_225' title='bbox 264 2771 321 2840; x_wconf 75' lang='grc' dir='ltr'><strong>δύο</strong></span> <span class='ocrx_word' id='word_1_226' title='bbox 344 2779 435 2858; x_wconf 80' lang='grc' dir='ltr'>φῶτα</span> <span class='ocrx_word' id='word_1_227' title='bbox 455 2769 530 2856; x_wconf 64' lang='grc' dir='ltr'><strong><em>ἔχει,</em></strong></span> <span class='ocrx_word' id='word_1_228' title='bbox 562 2772 598 2838; x_wconf 82' lang='grc' dir='ltr'><strong>τὸ</strong></span> <span class='ocrx_word' id='word_1_229' title='bbox 625 2771 704 2858; x_wconf 69' lang='grc' dir='ltr'><strong><em>ἴδιον</em></strong></span> <span class='ocrx_word' id='word_1_230' title='bbox 734 2775 863 2838; x_wconf 80' lang='grc' dir='ltr'><strong><em>καὶῑτοῧ</em></strong></span> <span class='ocrx_word' id='word_1_231' title='bbox 884 2771 989 2856; x_wconf 73' lang='grc' dir='ltr'><strong><em>ἡλίου·</em></strong></span> <span class='ocrx_word' id='word_1_232' title='bbox 1021 2775 1077 2858; x_wconf 83' lang='grc' dir='ltr'><strong>τὴν</strong></span> <span class='ocrx_word' id='word_1_233' title='bbox 1096 2774 1156 2861; x_wconf 73' lang='grc' dir='ltr'><strong>γὰρ</strong></span> <span class='ocrx_word' id='word_1_234' title='bbox 1178 2773 1310 2860; x_wconf 74' lang='grc' dir='ltr'><strong>σελήνην</strong></span> <span class='ocrx_word' id='word_1_235' title='bbox 1329 2768 1432 2836; x_wconf 69' lang='lat' dir='ltr'><strong>Beroe</strong></span> 
     </span>
     <span class='ocr_line' id='line_1_29' title="bbox 263 2851 1431 2950; baseline 0 -29"><span class='ocrx_word' id='word_1_236' title='bbox 263 2863 315 2923; x_wconf 77' lang='grc' dir='ltr'><strong>καὶ</strong></span> <span class='ocrx_word' id='word_1_237' title='bbox 330 2855 472 2945; x_wconf 77' lang='grc' dir='ltr'><strong><em>Ἄρτεμιν</em></strong></span> <span class='ocrx_word' id='word_1_238' title='bbox 493 2859 678 2940; x_wconf 72' lang='grc' dir='ltr'><strong><em>νομίζουσιν.</em></strong></span> <span class='ocrx_word' id='word_1_239' title='bbox 720 2855 772 2924; x_wconf 81' lang='lat' dir='ltr'><strong>Ex</strong></span> <span class='ocrx_word' id='word_1_240' title='bbox 798 2859 892 2926; x_wconf 72' lang='lat' dir='ltr'><strong>tribus</strong></span> <span class='ocrx_word' id='word_1_241' title='bbox 913 2859 961 2926; x_wconf 83' lang='lat' dir='ltr'><strong>his</strong></span> <span class='ocrx_word' id='word_1_242' title='bbox 982 2860 1277 2950; x_wconf 76' lang='lat' dir='ltr'><strong>interpretationibus</strong></span> <span class='ocrx_word' id='word_1_243' title='bbox 1299 2851 1431 2948; x_wconf 52' lang='lat' dir='ltr'><strong>secundi,</strong></span> 
     </span>
     <span class='ocr_line' id='line_1_30' title="bbox 262 2943 1432 3038; baseline -0.001 -28"><span class='ocrx_word' id='word_1_244' title='bbox 262 2965 339 3032; x_wconf 86' lang='lat' dir='ltr'><strong>quae</strong></span> <span class='ocrx_word' id='word_1_245' title='bbox 360 2944 398 3012; x_wconf 90' lang='lat' dir='ltr'><strong>ad</strong></span> <span class='ocrx_word' id='word_1_246' title='bbox 420 2953 574 3010; x_wconf 88' lang='lat' dir='ltr'><strong>externam</strong></span> <span class='ocrx_word' id='word_1_247' title='bbox 595 2945 669 3009; x_wconf 88' lang='lat' dir='ltr'><strong>deae</strong></span> <span class='ocrx_word' id='word_1_248' title='bbox 690 2943 842 3010; x_wconf 82' lang='lat' dir='ltr'><strong>Thraciae</strong></span> <span class='ocrx_word' id='word_1_249' title='bbox 863 2946 991 3035; x_wconf 86' lang='lat' dir='ltr'><strong>speciem</strong></span> <span class='ocrx_word' id='word_1_250' title='bbox 1013 2947 1200 3034; x_wconf 86' lang='lat' dir='ltr'><strong>habitumque</strong></span> <span class='ocrx_word' id='word_1_251' title='bbox 1222 2951 1352 3038; x_wconf 88' lang='lat' dir='ltr'><strong>spectat,</strong></span> <span class='ocrx_word' id='word_1_252' title='bbox 1384 2957 1432 3002; x_wconf 90' lang='grc'>1111·</span> 
     </span>
    </p>
   </div>
   <div class='ocr_carea' id='block_1_5' title="bbox 264 3029 1488 3121">
    <p class='ocr_par' dir='ltr' id='par_1_6' title="bbox 264 3029 1488 3121">
     <span class='ocr_line' id='line_1_31' title="bbox 264 3029 1488 3121; baseline -0.004 -25"><span class='ocrx_word' id='word_1_253' title='bbox 264 3031 344 3096; x_wconf 89' lang='lat' dir='ltr'><strong>nima</strong></span> <span class='ocrx_word' id='word_1_254' title='bbox 366 3037 413 3094; x_wconf 88' lang='lat' dir='ltr'><strong>est</strong></span> <span class='ocrx_word' id='word_1_255' title='bbox 433 3029 610 3103; x_wconf 89' lang='lat' dir='ltr'><strong>reiicienda:</strong></span> <span class='ocrx_word' id='word_1_256' title='bbox 631 3029 772 3100; x_wconf 74' lang='lat' dir='ltr'><strong>videntur</strong></span> <span class='ocrx_word' id='word_1_257' title='bbox 793 3029 872 3096; x_wconf 91' lang='lat' dir='ltr'><strong>enim</strong></span> <span class='ocrx_word' id='word_1_258' title='bbox 893 3051 967 3096; x_wconf 86' lang='lat' dir='ltr'><strong>sane</strong></span> <span class='ocrx_word' id='word_1_259' title='bbox 987 3031 1135 3121; x_wconf 82' lang='lat' dir='ltr'><strong>imagines</strong></span> <span class='ocrx_word' id='word_1_260' title='bbox 1157 3033 1233 3098; x_wconf 89' lang='lat' dir='ltr'><strong>deae</strong></span> <span class='ocrx_word' id='word_1_261' title='bbox 1254 3035 1298 3098; x_wconf 91' lang='lat' dir='ltr'><strong>ita</strong></span> <span class='ocrx_word' id='word_1_262' title='bbox 1318 3041 1431 3114; x_wconf 79' lang='lat' dir='ltr'><strong>reproe·</strong></span> <span class='ocrx_word' id='word_1_263' title='bbox 1487 3045 1488 3062; x_wconf 63' lang='lat'>¹</span> 
     </span>
    </p>
   </div>
   <div class='ocr_carea' id='block_1_6' title="bbox 223 3115 1431 4110">
    <p class='ocr_par' dir='ltr' id='par_1_7' title="bbox 233 3115 1431 3460">
     <span class='ocr_line' id='line_1_32' title="bbox 264 3115 1431 3203; baseline -0.004 -22"><span class='ocrx_word' id='word_1_264' title='bbox 264 3116 448 3197; x_wconf 71' lang='lat' dir='ltr'><strong>tentavisse,</strong></span> <span class='ocrx_word' id='word_1_265' title='bbox 469 3121 502 3178; x_wconf 90' lang='lat' dir='ltr'><strong>ut</strong></span> <span class='ocrx_word' id='word_1_266' title='bbox 524 3122 646 3198; x_wconf 87' lang='lat' dir='ltr'><strong>utraque</strong></span> <span class='ocrx_word' id='word_1_267' title='bbox 666 3135 755 3180; x_wconf 89' lang='lat' dir='ltr'><strong>manu</strong></span> <span class='ocrx_word' id='word_1_268' title='bbox 775 3115 890 3180; x_wconf 83' lang='lat' dir='ltr'><strong>bustam</strong></span> <span class='ocrx_word' id='word_1_269' title='bbox 910 3123 1040 3203; x_wconf 81' lang='lat' dir='ltr'><strong>gereret,</strong></span> <span class='ocrx_word' id='word_1_270' title='bbox 1062 3137 1201 3203; x_wconf 87' lang='lat' dir='ltr'><strong>quorsum</strong></span> <span class='ocrx_word' id='word_1_271' title='bbox 1213 3117 1357 3184; x_wconf 80' lang='lat' dir='ltr'><strong>Cratinus</strong></span> <span class='ocrx_word' id='word_1_272' title='bbox 1367 3126 1431 3194; x_wconf 76' lang='lat' dir='ltr'><strong>quo·</strong></span> 
     </span>
     <span class='ocr_line' id='line_1_33' title="bbox 266 3193 1431 3292; baseline -0.009 -28"><span class='ocrx_word' id='word_1_273' title='bbox 266 3219 322 3288; x_wconf 89' lang='lat' dir='ltr'><strong>que</strong></span> <span class='ocrx_word' id='word_1_274' title='bbox 347 3201 477 3265; x_wconf 87' lang='lat' dir='ltr'><strong>sortasse</strong></span> <span class='ocrx_word' id='word_1_275' title='bbox 507 3199 669 3287; x_wconf 90' lang='lat' dir='ltr'><strong>spectavit,</strong></span> <span class='ocrx_word' id='word_1_276' title='bbox 706 3221 771 3264; x_wconf 90' lang='lat' dir='ltr'><strong>cnm</strong></span> <span class='ocrx_word' id='word_1_277' title='bbox 792 3199 874 3265; x_wconf 88' lang='lat' dir='ltr'><strong>illam</strong></span> <span class='ocrx_word' id='word_1_278' title='bbox 895 3201 1036 3284; x_wconf 73' lang='grc' dir='ltr'><strong><em>δίλογχον</em></strong></span> <span class='ocrx_word' id='word_1_279' title='bbox 1058 3202 1234 3292; x_wconf 88' lang='lat' dir='ltr'><strong>appellavit,</strong></span> <span class='ocrx_word' id='word_1_280' title='bbox 1266 3219 1362 3285; x_wconf 88' lang='lat' dir='ltr'><strong>neque</strong></span> <span class='ocrx_word' id='word_1_281' title='bbox 1382 3193 1431 3256; x_wconf 87' lang='lat' dir='ltr'><strong>irn-</strong></span> 
     </span>
     <span class='ocr_line' id='line_1_34' title="bbox 233 3277 1431 3376; baseline -0.003 -26"><span class='ocrx_word' id='word_1_282' title='bbox 233 3352 236 3362; x_wconf 67' lang='grc'><strong>,</strong></span> <span class='ocrx_word' id='word_1_283' title='bbox 263 3285 416 3376; x_wconf 82' lang='lat' dir='ltr'><strong>probabile</strong></span> <span class='ocrx_word' id='word_1_284' title='bbox 434 3291 485 3348; x_wconf 53' lang='lat' dir='ltr'><strong>&#39;est</strong></span> <span class='ocrx_word' id='word_1_285' title='bbox 506 3284 645 3349; x_wconf 73' lang='lat' dir='ltr'><strong>comicum</strong></span> <span class='ocrx_word' id='word_1_286' title='bbox 689 3285 691 3290; x_wconf 82' lang='lat'>&#39;</span> <span class='ocrx_word' id='word_1_287' title='bbox 724 3290 791 3349; x_wconf 65' lang='lat' dir='ltr'><strong>taamu</strong></span> <span class='ocrx_word' id='word_1_288' title='bbox 813 3285 874 3350; x_wconf 88' lang='lat' dir='ltr'><strong>hoc·</strong></span> <span class='ocrx_word' id='word_1_289' title='bbox 895 3287 988 3352; x_wconf 85' lang='lat' dir='ltr'><strong>verbo</strong></span> <span class='ocrx_word' id='word_1_290' title='bbox 1010 3287 1138 3354; x_wconf 89' lang='lat' dir='ltr'><strong>venandi</strong></span> <span class='ocrx_word' id='word_1_291' title='bbox 1159 3288 1289 3355; x_wconf 88' lang='lat' dir='ltr'><strong>studium</strong></span> <span class='ocrx_word' id='word_1_292' title='bbox 1311 3277 1431 3349; x_wconf 70' lang='lat' dir='ltr'><strong>maxime</strong></span> 
     </span>
     <span class='ocr_line' id='line_1_35' title="bbox 264 3367 1431 3460; baseline -0.002 -25"><span class='ocrx_word' id='word_1_293' title='bbox 264 3391 281 3435; x_wconf 85' lang='lat' dir='ltr'><strong>s</strong></span> <span class='ocrx_word' id='word_1_294' title='bbox 302 3370 458 3451; x_wconf 68' lang='lat' dir='ltr'><strong>maesse,</strong></span> <span class='ocrx_word' id='word_1_295' title='bbox 480 3369 616 3454; x_wconf 90' lang='lat' dir='ltr'><strong>qnoniam</strong></span> <span class='ocrx_word' id='word_1_296' title='bbox 627 3367 671 3434; x_wconf 80' lang='lat' dir='ltr'><strong>At</strong></span> <span class='ocrx_word' id='word_1_297' title='bbox 691 3369 831 3436; x_wconf 84' lang='lat' dir='ltr'><strong>enienses</strong></span> <span class='ocrx_word' id='word_1_298' title='bbox 847 3368 967 3437; x_wconf 86' lang='lat' dir='ltr'><strong>Bendin</strong></span> <span class='ocrx_word' id='word_1_299' title='bbox 981 3377 1108 3460; x_wconf 82' lang='lat' dir='ltr'><strong>propter</strong></span> <span class='ocrx_word' id='word_1_300' title='bbox 1129 3373 1352 3445; x_wconf 83' lang='lat' dir='ltr'><strong>similitudinem</strong></span> <span class='ocrx_word' id='word_1_301' title='bbox 1372 3375 1431 3426; x_wconf 73' lang='grc'>111111</span> 
     </span>
    </p>

    <p class='ocr_par' dir='ltr' id='par_1_8' title="bbox 223 3453 1431 4110">
     <span class='ocr_line' id='line_1_36' title="bbox 297 3453 1431 3547; baseline -0.001 -29"><span class='ocrx_word' id='word_1_302' title='bbox 297 3455 367 3519; x_wconf 84' lang='lat' dir='ltr'><strong>iana</strong></span> <span class='ocrx_word' id='word_1_303' title='bbox 388 3473 563 3544; x_wconf 89' lang='lat' dir='ltr'><strong>componere</strong></span> <span class='ocrx_word' id='word_1_304' title='bbox 583 3453 732 3518; x_wconf 86' lang='lat' dir='ltr'><strong>solebant:</strong></span> <span class='ocrx_word' id='word_1_305' title='bbox 770 3455 825 3520; x_wconf 90' lang='lat' dir='ltr'><strong>sed</strong></span> <span class='ocrx_word' id='word_1_306' title='bbox 850 3475 916 3522; x_wconf 82' lang='lat' dir='ltr'><strong>cum</strong></span> <span class='ocrx_word' id='word_1_307' title='bbox 945 3477 1006 3521; x_wconf 91' lang='lat' dir='ltr'><strong>non</strong></span> <span class='ocrx_word' id='word_1_308' title='bbox 1027 3458 1094 3547; x_wconf 87' lang='lat' dir='ltr'><strong>ipsa</strong></span> <span class='ocrx_word' id='word_1_309' title='bbox 1114 3455 1233 3525; x_wconf 80' lang='lat' dir='ltr'><strong>Cratini</strong></span> <span class='ocrx_word' id='word_1_310' title='bbox 1253 3455 1348 3522; x_wconf 87' lang='lat' dir='ltr'><strong>verba</strong></span> <span class='ocrx_word' id='word_1_311' title='bbox 1368 3465 1431 3511; x_wconf 76' lang='lat'>0⁰¹1·</span> 
     </span>
     <span class='ocr_line' id='line_1_37' title="bbox 265 3533 1430 3630; baseline 0.003 -24"><span class='ocrx_word' id='word_1_312' title='bbox 265 3547 385 3607; x_wconf 84' lang='lat' dir='ltr'><strong>servata</strong></span> <span class='ocrx_word' id='word_1_313' title='bbox 412 3539 487 3620; x_wconf 89' lang='lat' dir='ltr'><strong>sint,</strong></span> <span class='ocrx_word' id='word_1_314' title='bbox 519 3539 615 3605; x_wconf 86' lang='lat' dir='ltr'><strong>omnis</strong></span> <span class='ocrx_word' id='word_1_315' title='bbox 642 3540 845 3629; x_wconf 84' lang='lat' dir='ltr'><strong>interpretatio</strong></span> <span class='ocrx_word' id='word_1_316' title='bbox 873 3543 1014 3630; x_wconf 86' lang='lat' dir='ltr'><strong>ambigna</strong></span> <span class='ocrx_word' id='word_1_317' title='bbox 1039 3549 1087 3607; x_wconf 87' lang='lat' dir='ltr'><strong>est</strong></span> <span class='ocrx_word' id='word_1_318' title='bbox 1113 3549 1144 3608; x_wconf 89' lang='lat' dir='ltr'><strong>et</strong></span> <span class='ocrx_word' id='word_1_319' title='bbox 1168 3545 1294 3609; x_wconf 80' lang='lat' dir='ltr'><strong>incerta.</strong></span> <span class='ocrx_word' id='word_1_320' title='bbox 1335 3533 1430 3602; x_wconf 67' lang='lat' dir='ltr'><strong>Thffl·</strong></span> 
     </span>
     <span class='ocr_line' id='line_1_38' title="bbox 266 3623 1429 3714; baseline 0 -22"><span class='ocrx_word' id='word_1_321' title='bbox 266 3625 330 3692; x_wconf 88' lang='lat' dir='ltr'><strong>ciac</strong></span> <span class='ocrx_word' id='word_1_322' title='bbox 358 3634 438 3689; x_wconf 91' lang='lat' dir='ltr'><strong>certe</strong></span> <span class='ocrx_word' id='word_1_323' title='bbox 475 3623 548 3690; x_wconf 86' lang='lat' dir='ltr'><strong>deae</strong></span> <span class='ocrx_word' id='word_1_324' title='bbox 581 3625 699 3714; x_wconf 83' lang='lat' dir='ltr'><strong>imago,</strong></span> <span class='ocrx_word' id='word_1_325' title='bbox 737 3627 766 3690; x_wconf 89' lang='lat' dir='ltr'><strong>si</strong></span> <span class='ocrx_word' id='word_1_326' title='bbox 791 3625 1023 3710; x_wconf 68' lang='lat' dir='ltr'><strong>immitior,</strong></span> <span class='ocrx_word' id='word_1_327' title='bbox 1054 3634 1090 3694; x_wconf 90' lang='lat' dir='ltr'><strong>ut</strong></span> <span class='ocrx_word' id='word_1_328' title='bbox 1117 3627 1190 3694; x_wconf 91' lang='lat' dir='ltr'><strong>duas</strong></span> <span class='ocrx_word' id='word_1_329' title='bbox 1218 3629 1321 3692; x_wconf 71' lang='lat' dir='ltr'><strong>basma</strong></span> <span class='ocrx_word' id='word_1_330' title='bbox 1348 3630 1429 3685; x_wconf 82' lang='lat' dir='ltr'><strong>manu</strong></span> 
     </span>
     <span class='ocr_line' id='line_1_39' title="bbox 266 3705 1430 3800; baseline 0 -26"><span class='ocrx_word' id='word_1_331' title='bbox 266 3716 409 3800; x_wconf 81' lang='lat' dir='ltr'><strong>gestaret,</strong></span> <span class='ocrx_word' id='word_1_332' title='bbox 430 3715 640 3797; x_wconf 85' lang='lat' dir='ltr'><strong>nontauqnam</strong></span> <span class='ocrx_word' id='word_1_333' title='bbox 660 3711 800 3776; x_wconf 82' lang='lat' dir='ltr'><strong>venatrix</strong></span> <span class='ocrx_word' id='word_1_334' title='bbox 818 3711 862 3776; x_wconf 90' lang='lat' dir='ltr'><strong>ita</strong></span> <span class='ocrx_word' id='word_1_335' title='bbox 883 3717 929 3776; x_wconf 85' lang='lat' dir='ltr'><strong>cet</strong></span> <span class='ocrx_word' id='word_1_336' title='bbox 949 3720 1104 3796; x_wconf 80' lang='lat' dir='ltr'><strong>exornata,</strong></span> <span class='ocrx_word' id='word_1_337' title='bbox 1126 3713 1180 3778; x_wconf 88' lang='lat' dir='ltr'><strong>sed</strong></span> <span class='ocrx_word' id='word_1_338' title='bbox 1202 3713 1283 3778; x_wconf 80' lang='lat' dir='ltr'><strong>abud</strong></span> <span class='ocrx_word' id='word_1_339' title='bbox 1295 3705 1363 3796; x_wconf 87' lang='lat' dir='ltr'><strong>qnid</strong></span> <span class='ocrx_word' id='word_1_340' title='bbox 1374 3719 1430 3797; x_wconf 66' lang='grc'>1111·</span> 
     </span>
     <span class='ocr_line' id='line_1_40' title="bbox 266 3791 1429 3884; baseline 0 -24"><span class='ocrx_word' id='word_1_341' title='bbox 266 3797 315 3883; x_wconf 85' lang='lat' dir='ltr'><strong>gis</strong></span> <span class='ocrx_word' id='word_1_342' title='bbox 343 3795 525 3860; x_wconf 88' lang='lat' dir='ltr'><strong>reconditum</strong></span> <span class='ocrx_word' id='word_1_343' title='bbox 561 3802 592 3862; x_wconf 88' lang='lat' dir='ltr'><strong>ot</strong></span> <span class='ocrx_word' id='word_1_344' title='bbox 622 3815 717 3884; x_wconf 86' lang='lat' dir='ltr'><strong>grave</strong></span> <span class='ocrx_word' id='word_1_345' title='bbox 748 3796 805 3862; x_wconf 87' lang='lat' dir='ltr'><strong>hoe</strong></span> <span class='ocrx_word' id='word_1_346' title='bbox 835 3795 992 3863; x_wconf 86' lang='lat' dir='ltr'><strong>simulacro</strong></span> <span class='ocrx_word' id='word_1_347' title='bbox 1017 3798 1253 3882; x_wconf 82' lang='lat' dir='ltr'><strong>significabatur.</strong></span> <span class='ocrx_word' id='word_1_348' title='bbox 1316 3791 1429 3860; x_wconf 75' lang='lat' dir='ltr'><strong>Etefflffl</strong></span> 
     </span>
     <span class='ocr_line' id='line_1_41' title="bbox 223 3865 1430 3972; baseline -0.002 -28"><span class='ocrx_word' id='word_1_349' title='bbox 223 3893 227 3898; x_wconf 82' lang='grc'><strong>“</strong></span> <span class='ocrx_word' id='word_1_350' title='bbox 265 3901 332 3945; x_wconf 90' lang='lat' dir='ltr'><strong>cum</strong></span> <span class='ocrx_word' id='word_1_351' title='bbox 361 3881 449 3946; x_wconf 90' lang='lat' dir='ltr'><strong>buius</strong></span> <span class='ocrx_word' id='word_1_352' title='bbox 477 3879 652 3968; x_wconf 80' lang='lat' dir='ltr'><strong>religionis,</strong></span> <span class='ocrx_word' id='word_1_353' title='bbox 697 3881 785 3946; x_wconf 88' lang='lat' dir='ltr'><strong>sicuti</strong></span> <span class='ocrx_word' id='word_1_354' title='bbox 816 3889 997 3968; x_wconf 84' lang='lat' dir='ltr'><strong>ceterarum,</strong></span> <span class='ocrx_word' id='word_1_355' title='bbox 1036 3885 1069 3950; x_wconf 92' lang='lat' dir='ltr'><strong>id</strong></span> <span class='ocrx_word' id='word_1_356' title='bbox 1095 3884 1173 3972; x_wconf 84' lang='lat' dir='ltr'><strong>qnod</strong></span> <span class='ocrx_word' id='word_1_357' title='bbox 1205 3882 1291 3948; x_wconf 90' lang='lat' dir='ltr'><strong>modo</strong></span> <span class='ocrx_word' id='word_1_358' title='bbox 1319 3865 1430 3962; x_wconf 77' lang='lat' dir='ltr'><strong>signifi·</strong></span> 
     </span>
     <span class='ocr_line' id='line_1_42' title="bbox 266 3965 1429 4110; baseline -0.001 -80"><span class='ocrx_word' id='word_1_359' title='bbox 266 3965 347 4048; x_wconf 81' lang='lat' dir='ltr'><strong>cavi,</strong></span> <span class='ocrx_word' id='word_1_360' title='bbox 368 3966 443 4032; x_wconf 86' lang='lat' dir='ltr'><strong>haec</strong></span> <span class='ocrx_word' id='word_1_361' title='bbox 464 3966 504 4031; x_wconf 90' lang='lat' dir='ltr'><strong>sit</strong></span> <span class='ocrx_word' id='word_1_362' title='bbox 534 3966 700 4048; x_wconf 85' lang='lat' dir='ltr'><strong>sententia,</strong></span> <span class='ocrx_word' id='word_1_363' title='bbox 731 3986 841 4032; x_wconf 90' lang='lat' dir='ltr'><strong>numen</strong></span> <span class='ocrx_word' id='word_1_364' title='bbox 862 3987 929 4033; x_wconf 89' lang='lat' dir='ltr'><strong>esse</strong></span> <span class='ocrx_word' id='word_1_365' title='bbox 951 3967 1085 4036; x_wconf 88' lang='lat' dir='ltr'><strong>divinum</strong></span> <span class='ocrx_word' id='word_1_366' title='bbox 1106 3984 1136 4034; x_wconf 87' lang='lat' dir='ltr'><strong>et</strong></span> <span class='ocrx_word' id='word_1_367' title='bbox 1156 3970 1293 4034; x_wconf 88' lang='lat' dir='ltr'><strong>interitus</strong></span> <span class='ocrx_word' id='word_1_368' title='bbox 1315 3973 1429 4110; x_wconf 68' lang='lat' dir='ltr'><strong>expers,</strong></span> 
     </span>
    </p>
   </div>
   <div class='ocr_carea' id='block_1_7' title="bbox 156 4041 1428 4141">
    <p class='ocr_par' dir='ltr' id='par_1_9' title="bbox 156 4041 1428 4141">
     <span class='ocr_line' id='line_1_43' title="bbox 156 4041 1428 4141; baseline -0.002 -25"><span class='ocrx_word' id='word_1_369' title='bbox 156 4071 157 4078; x_wconf 53' lang='lat'>¹</span> <span class='ocrx_word' id='word_1_370' title='bbox 264 4071 364 4116; x_wconf 86' lang='lat' dir='ltr'><strong>rernm</strong></span> <span class='ocrx_word' id='word_1_371' title='bbox 387 4060 484 4116; x_wconf 90' lang='lat' dir='ltr'><strong>antem</strong></span> <span class='ocrx_word' id='word_1_372' title='bbox 505 4058 640 4116; x_wconf 88' lang='lat' dir='ltr'><strong>naturam</strong></span> <span class='ocrx_word' id='word_1_373' title='bbox 667 4051 843 4138; x_wconf 90' lang='lat' dir='ltr'><strong>omninoque</strong></span> <span class='ocrx_word' id='word_1_374' title='bbox 871 4054 986 4136; x_wconf 87' lang='lat' dir='ltr'><strong>omnia,</strong></span> <span class='ocrx_word' id='word_1_375' title='bbox 1014 4077 1089 4141; x_wconf 90' lang='lat' dir='ltr'><strong>quae</strong></span> <span class='ocrx_word' id='word_1_376' title='bbox 1119 4055 1174 4122; x_wconf 86' lang='lat' dir='ltr'><strong>sub</strong></span> <span class='ocrx_word' id='word_1_377' title='bbox 1195 4053 1297 4120; x_wconf 90' lang='lat' dir='ltr'><strong>oculos</strong></span> <span class='ocrx_word' id='word_1_378' title='bbox 1318 4065 1352 4112; x_wconf 84' lang='lat' dir='ltr'><strong>ca</strong></span> <span class='ocrx_word' id='word_1_379' title='bbox 1371 4041 1428 4114; x_wconf 66' lang='lat' dir='ltr'><strong>tub</strong></span> 
     </span>
    </p>
   </div>
   <div class='ocr_carea' id='block_1_8' title="bbox 263 4124 1428 4400">
    <p class='ocr_par' dir='ltr' id='par_1_10' title="bbox 263 4124 1428 4400">
     <span class='ocr_line' id='line_1_44' title="bbox 264 4124 1428 4236; baseline -0.006 -36"><span class='ocrx_word' id='word_1_380' title='bbox 264 4135 348 4236; x_wconf 77' lang='lat' dir='ltr'><strong>tlnxa</strong></span> <span class='ocrx_word' id='word_1_381' title='bbox 382 4157 451 4202; x_wconf 84' lang='lat' dir='ltr'><strong>esso</strong></span> <span class='ocrx_word' id='word_1_382' title='bbox 487 4141 517 4202; x_wconf 90' lang='lat' dir='ltr'><strong>et</strong></span> <span class='ocrx_word' id='word_1_383' title='bbox 548 4135 689 4224; x_wconf 82' lang='lat' dir='ltr'><strong>fragilia:</strong></span> <span class='ocrx_word' id='word_1_384' title='bbox 739 4136 793 4204; x_wconf 88' lang='lat' dir='ltr'><strong>sed</strong></span> <span class='ocrx_word' id='word_1_385' title='bbox 824 4139 858 4204; x_wconf 92' lang='lat' dir='ltr'><strong>in</strong></span> <span class='ocrx_word' id='word_1_386' title='bbox 888 4139 944 4206; x_wconf 86' lang='lat' dir='ltr'><strong>hac</strong></span> <span class='ocrx_word' id='word_1_387' title='bbox 976 4139 1043 4230; x_wconf 86' lang='lat' dir='ltr'><strong>ipsa</strong></span> <span class='ocrx_word' id='word_1_388' title='bbox 1075 4161 1175 4206; x_wconf 91' lang='lat' dir='ltr'><strong>rerum</strong></span> <span class='ocrx_word' id='word_1_389' title='bbox 1208 4133 1366 4204; x_wconf 82' lang='lat' dir='ltr'><strong>mutatione</strong></span> <span class='ocrx_word' id='word_1_390' title='bbox 1401 4124 1428 4184; x_wconf 71' lang='lat' dir='ltr'><strong>vl</strong></span> 
     </span>
     <span class='ocr_line' id='line_1_45' title="bbox 263 4216 1427 4312; baseline -0.001 -26"><span class='ocrx_word' id='word_1_391' title='bbox 263 4221 470 4288; x_wconf 84' lang='lat' dir='ltr'><strong>mtercmtione</strong></span> <span class='ocrx_word' id='word_1_392' title='bbox 502 4220 686 4288; x_wconf 83' lang='lat' dir='ltr'><strong>divinitatem</strong></span> <span class='ocrx_word' id='word_1_393' title='bbox 719 4225 980 4311; x_wconf 79' lang='lat' dir='ltr'><strong>aeternitatemque</strong></span> <span class='ocrx_word' id='word_1_394' title='bbox 1011 4225 1116 4308; x_wconf 90' lang='lat' dir='ltr'><strong>cerni,</strong></span> <span class='ocrx_word' id='word_1_395' title='bbox 1162 4224 1300 4312; x_wconf 87' lang='lat' dir='ltr'><strong>qnoniam</strong></span> <span class='ocrx_word' id='word_1_396' title='bbox 1337 4216 1427 4303; x_wconf 66' lang='lat' dir='ltr'><strong>ipsum</strong></span> 
     </span>
     <span class='ocr_line' id='line_1_46' title="bbox 264 4303 1425 4400; baseline -0.003 -28"><span class='ocrx_word' id='word_1_397' title='bbox 264 4306 338 4372; x_wconf 90' lang='lat' dir='ltr'><strong>illud</strong></span> <span class='ocrx_word' id='word_1_398' title='bbox 370 4329 496 4390; x_wconf 84' lang='lat' dir='ltr'><strong>numen,</strong></span> <span class='ocrx_word' id='word_1_399' title='bbox 544 4307 678 4392; x_wconf 86' lang='lat' dir='ltr'><strong>quamvis</strong></span> <span class='ocrx_word' id='word_1_400' title='bbox 709 4313 801 4373; x_wconf 88' lang='lat' dir='ltr'><strong>mutet</strong></span> <span class='ocrx_word' id='word_1_401' title='bbox 827 4318 858 4374; x_wconf 89' lang='lat' dir='ltr'><strong>et</strong></span> <span class='ocrx_word' id='word_1_402' title='bbox 883 4309 1010 4400; x_wconf 88' lang='lat' dir='ltr'><strong>perimat</strong></span> <span class='ocrx_word' id='word_1_403' title='bbox 1036 4318 1178 4376; x_wconf 87' lang='lat' dir='ltr'><strong>externas</strong></span> <span class='ocrx_word' id='word_1_404' title='bbox 1204 4309 1273 4376; x_wconf 86' lang='lat' dir='ltr'><strong>illas</strong></span> <span class='ocrx_word' id='word_1_405' title='bbox 1304 4303 1425 4370; x_wconf 74' lang='lat' dir='ltr'><strong>formas,</strong></span> 
     </span>
    </p>
   </div>
   <div class='ocr_carea' id='block_1_9' title="bbox 264 4378 1425 4490">
    <p class='ocr_par' dir='ltr' id='par_1_11' title="bbox 264 4378 1425 4490">
     <span class='ocr_line' id='line_1_47' title="bbox 264 4378 1425 4490; baseline 0.001 -30"><span class='ocrx_word' id='word_1_406' title='bbox 264 4412 336 4479; x_wconf 82' lang='lat' dir='ltr'><strong>quas</strong></span> <span class='ocrx_word' id='word_1_407' title='bbox 378 4393 581 4482; x_wconf 85' lang='lat' dir='ltr'><strong>procreaverit</strong></span> <span class='ocrx_word' id='word_1_408' title='bbox 611 4399 642 4458; x_wconf 82' lang='lat' dir='ltr'><strong>et</strong></span> <span class='ocrx_word' id='word_1_409' title='bbox 678 4395 763 4481; x_wconf 86' lang='lat' dir='ltr'><strong>quasi</strong></span> <span class='ocrx_word' id='word_1_410' title='bbox 798 4395 947 4480; x_wconf 88' lang='lat' dir='ltr'><strong>induerit,</strong></span> <span class='ocrx_word' id='word_1_411' title='bbox 993 4417 1111 4490; x_wconf 87' lang='lat' dir='ltr'><strong>semper</strong></span> <span class='ocrx_word' id='word_1_412' title='bbox 1129 4396 1291 4488; x_wconf 55' lang='lat' dir='ltr'><strong>,integrum</strong></span> <span class='ocrx_word' id='word_1_413' title='bbox 1318 4393 1348 4452; x_wconf 69' lang='lat' dir='ltr'><strong>vl</strong></span> <span class='ocrx_word' id='word_1_414' title='bbox 1383 4378 1425 4442; x_wconf 63' lang='lat'><strong>5¹¹·</strong></span> 
     </span>
    </p>
   </div>
   <div class='ocr_carea' id='block_1_10' title="bbox 0 0 1518 5064">
    <p class='ocr_par' dir='ltr' id='par_1_12' title="bbox 0 0 1518 5064">
     <span class='ocr_line' id='line_1_48' title="bbox 0 0 1518 5064; baseline 0 0"><span class='ocrx_word' id='word_1_415' title='bbox 0 0 1518 5064; x_wconf 95' lang='lat' dir='ltr'><strong> </strong></span> 
     </span>
    </p>
   </div>
  </div>
 </body>
</html>
