3042 5070
350 339 411 409 DE
430 337 575 418 REHQ
592 337 783 411 content).
801 337 911 412 Ain.
929 339 1078 420 ANTIQ·
1252 345 1299 416 8³

21 527 22 532 ’
124 506 240 576 animos
260 507 490 576 Atheniensium
511 505 681 574 exercuerit
704 505 860 593 Pericles,
916 516 1077 601 uauhpere
1095 511 1226 601 potuerit
1243 533 1297 580 eos

122 595 246 662 flectere
257 615 314 682 quo
326 593 431 677 vellet,
459 601 490 658 et
510 614 636 658 avocere
657 593 737 660 unde
757 594 859 662 nollet.
895 529 932 661 h
963 617 1000 662 ue
1026 596 1103 662 hunc
1129 597 1297 666 amnicum

20 693 21 758 ζ
123 681 263 746 stantiam
278 680 310 746 in
326 679 415 744 rebus
437 679 572 744 aduersis
588 678 677 743 etiam
696 677 844 745 Aelianus
863 677 938 750 var.
991 681 1040 748 ist
1060 681 1115 746 IX.
1135 683 1167 752 6.
1188 683 1297 752 eximie

20 765 21 772 ’
120 765 286 846 collaudat3
310 771 457 853 postremo
478 762 667 830 tamenluctu
687 770 719 830 et
727 785 864 832 moerore
882 766 1009 832 uacum
1029 787 1097 832 esse
1117 765 1296 836 Plutarchus

119 851 156 916 in
175 851 240 916 uita
260 849 388 914 Periclis
410 870 436 914 c.
456 849 509 914 36.
529 849 633 914 refert

208 933 369 1000 Multitudo
389 953 473 1015 vero,
494 955 594 998 rerum
615 931 807 998 advenarum
818 930 895 998 mole
906 931 1052 1022 depressi,
1074 955 1138 1002 cum
1154 933 1213 1002 iarn
1225 935 1296 1003 deo·

117 1041 187 1086 rum
199 1019 381 1085 verecundia
399 1028 430 1083 et
437 1017 546 1106 religio
559 1039 600 1082 ex
621 1017 727 1083 animis
738 1019 951 1100 excessissent,
972 1018 1129 1106 aliquando
1142 1020 1180 1086 ad
1202 1021 1296 1088 divini

116 1106 252 1170 numinis
280 1104 369 1169 iidem
390 1103 603 1192 confugerunt:
629 1123 715 1185 mox,
742 1108 828 1168 aucta
848 1103 936 1168 etiem
957 1103 1138 1186 calamitate,
1163 1106 1197 1172 in
1217 1127 1296 1174 sum·

115 1211 198 1256 mauu
220 1189 456 1282 desperationem
485 1189 589 1253 reiecti
610 1193 693 1252 suut:
724 1187 768 1252 ita
793 1187 963 1278 superstitio
991 1195 1022 1253 et
1046 1189 1140 1256 divim
1165 1193 1295 1258 nomime

117 1275 296 1356 contemtio,
333 1273 514 1366 gravissimu
535 1280 565 1338 et
591 1272 719 1338 maxime
744 1272 824 1337 inter
851 1294 885 1337 se
907 1273 1027 1338 diversa
1047 1275 1126 1340 mola
1145 1281 1216 1340 tune
1234 1297 1297 1343 om.

116 1361 202 1426 nium
224 1359 339 1424 animos
361 1358 523 1423 vexabant:
545 1357 631 1446 legas
653 1357 914 1446 quodThocydid.
934 1357 1006 1424 dicit
1024 1357 1066 1423 Π.
1086 1357 1144 1426 47:
1169 1357 1251 1426 Ὅσα
1262 1384 1296 1428 τε

116 1444 199 1529 πρὸς
232 1444 325 1525 ίεροῖς
350 1442 506 1508 ίκέτευσοιν
531 1439 551 1525 ἢ
578 1441 735 1524 μαντείαις
766 1445 818 1506 καί
845 1451 910 1519 τοῖς
935 1438 1086 1522 τοιούτοις
1116 1439 1296 1550 typicum,

116 1530 223 1595 πάντα
250 1529 392 1614 ἀνωφελῆ
418 1519 471 1611 ἦν,
513 1525 710 1604 τελευτῶντές
733 1551 767 1592 τε
792 1523 897 1592 αὐτῶν
921 1525 1114 1612 ἀπέστησαν,
1152 1529 1213 1596 und
1239 1537 1296 1598 τοῦ

116 1620 217 1680 κακοῦ
240 1610 409 1694 νικώμενοι.
451 1612 499 1677 Ita
518 1612 628 1677 lectum
649 1619 711 1695 est,
733 1619 766 1678 ut
785 1633 888 1678 omnes
909 1619 941 1678 et
960 1613 1079 1679 divinae
1100 1621 1131 1680 et
1149 1615 1296 1686 humanae

115 1700 206 1789 leges
228 1699 475 1780 conticescerent,
508 1703 542 1762 ut
567 1696 663 1762 omnis
689 1698 784 1788 pietas
811 1705 842 1763 et
861 1698 1003 1764 honestas
1024 1699 1157 1765 funditus
1177 1701 1297 1768 tollere·

116 1793 183 1866 tur3
213 1785 299 1849 testis
320 1789 368 1848 est
388 1782 584 1870 Thucydides
605 1783 676 1848 ibid.
698 1803 723 1847 c.
744 1784 797 1848 52.
819 1789 849 1847 et
869 1782 998 1847 maxine
1019 1805 1045 1849 c.
1064 1785 1119 1852 53.
1138 1785 1190 1851 uhi
1209 1807 1297 1876 prae·

115 1877 166 1935 ter
186 1869 248 1934 alio
268 1869 343 1934 haec
361 1867 391 1933 le
456 1875 519 1932 hur:
565 1867 653 1931 Θεῶν
669 1867 704 1930 δέ
724 1861 824 1952 φόβος
844 1863 865 1950 ἢ
886 1863 1063 1950 ἀνθρώπων
1082 1865 1176 1948 νόμος
1196 1873 1298 1948 οὐδεὶς

117 1955 260 2040 ἀπεῖργε,
302 1951 340 2018 τό
368 1979 425 2034 μν
451 1953 602 2038 κρίνοντες
626 1951 660 2016 έν
690 1947 788 2040 ὁμοίῳ
813 1953 864 2015 καί
890 1950 991 2033 σέβειν
1010 1953 1062 2016 καί
1082 1950 1141 2036 μή,
1184 1955 1218 2019 ένι
1238 1961 1310 2022 τοῦ·

118 2036 239 2116 πάντας
265 2035 342 2126 δρᾶν
367 2039 401 2103 έν
426 2036 484 2126 lhos
506 2034 754 2121 ἀπολλυμένους,
795 2041 859 2101 τῶν
883 2036 919 2100 δέ
944 2032 1176 2124 ἁμαρτημάτων
1196 2038 1297 2119 οὐδεὶς

117 2126 248 2204 ἐλπίζων
277 2121 369 2234 μέχρι
400 2127 457 2188 τοῦ
487 2121 574 2206 δίκην
599 2121 743 2206 γενέσθαι
770 2119 860 2202 βιρδς
887 2118 926 2185 δν
951 2121 1008 2204 τὴν
1035 2125 1186 2210 τιμωρίαν
1211 2124 1297 2196 ἀντι.

118 2213 244 2286 δοῦναι,
277 2213 360 2274 πολυ
384 2207 420 2272 δέ
444 2208 536 2288 μείζω
562 2205 618 2290 τὴν
646 2203 707 2290 ἤδη
729 2205 1001 2294 κατεψηφισμένην
1020 2213 1111 2293 σφῶν
1130 2210 1297 2297 ἐπικρεμα-

118 2301 250 2380 σθῆναι,
271 2290 311 2376 ἣν
331 2293 404 2380 πρίν
423 2293 576 2374 έμπεσεΐν,
598 2289 678 2370 elude
698 2287 774 2356 eluat
795 2297 851 2356 τοῦ
872 2293 943 2373 βίου
964 2316 995 2358 τι
1016 2291 1202 2362 ἀπολαῦσαι.
1233 2294 1297 2364 Set

117 2388 218 2446 tamen
238 2380 328 2444 etiam
349 2378 470 2465 anhquu
490 2385 589 2444 vatum
619 2377 740 2444 oracula
765 2378 799 2443 in
825 2385 953 2444 mentem
979 2387 1214 2466 revocaverunt,
1252 2379 1297 2450 uti

118 2466 304 2532 decantatum
325 2462 414 2528 illud:

196 2547 283 2626 Ἥξει
305 2545 470 2632 Δωριακδς
490 2543 623 2628 πόλεμος
649 2547 701 2610 καί
722 2543 829 2625 λοιμὸς
850 2541 907 2627 ἅμ’
931 2543 1028 2612 αὖτ’.

117 2635 208 2701 Dixit
228 2635 266 2699 de
287 2633 335 2698 his
357 2633 482 2719 aliisque
502 2633 611 2698 talibus
632 2631 828 2718 Thucydides
849 2630 890 2697 11.
910 2631 963 2699 54.
992 2572 1296 2720 hirsutumque

117 2741 175 2871 pue
201 2727 288 2822 utque
314 2719 483 2820 instaurare
499 2717 685 2818 ,religionem
715 2726 746 2782 et
772 2715 884 2815 patrios
905 2739 1003 2784 mores
1029 2718 1222 2818 studuerunt3
1252 2720 1296 2788 ito

119 2802 803 2972 ottittl‘httt‘hittttt?eth
823 2800 1191 2964 tleiitittdd,
1219 2802 1295 2954 tlt

118 2980 213 3057 λαμις
238 2973 395 3056 έποίησεν·
425 2970 462 3036 ud
483 2972 517 3036 δέ
538 2969 638 3052 όνομα
658 2975 703 3058 τῷ
724 2975 790 3057 θεῷ
811 2969 953 3055 γενέσθαι
970 2970 1130 3056 λέγουσιν,
1170 2968 1217 3036 ὅτι
1237 2972 1295 3058 την

118 3055 259 3142 λοιμώδη
285 3060 374 3146 σφίσι
399 3053 491 3124 νόσον
517 3053 596 3140 ὁμσῦ
622 3061 668 3143 τῷ
697 3057 955 3138 Πελοποννησίων
980 3057 1106 3146 πολέμῳ
1132 3056 1295 3137 πιέζουσαν

118 3143 198 3210 κατὰ
219 3141 380 3227 μάντευμα
401 3140 532 3208 ἴπαυσεν
552 3143 586 3208 ln
607 3143 753 3228 Δελφῶν.
794 3141 864 3207 Non
890 3147 989 3208 temen
1015 3143 1144 3210 cessavit
1163 3143 1296 3229 moritus,

118 3231 172 3298 sed
194 3229 313 3318 saepius
334 3229 574 3294 recrudescebat:
601 3226 797 3314 Thucydides
817 3225 873 3292 III.
894 3227 952 3293 87:
998 3232 1065 3294 Τοῦ
1089 3227 1121 3292 δ’
1145 3229 1295 3315 ἐπιγιγνο-

116 3315 212 3397 μένου
237 3319 387 3396 χειμῶνος
413 3309 434 3396 ἦ
460 3312 551 3390 νόσος
571 3312 607 3378 ud
628 3309 770 3399 δεότερον
790 3312 913 3378 έπέπεσε
933 3321 998 3389 τοῖς
1013 3311 1194 3398 Ἀθηναίοις
1213 3317 1294 3382 έκλι-

117 3406 223 3465 ποῦσα
253 3399 310 3480 μδν
340 3399 451 3464 οὐδένα
479 3395 593 3484 χρόνον
622 3397 658 3462 ud
685 3393 894 3477 παντάπασιν,
936 3397 1051 3482 ἐγένετο
1078 3397 1115 3464 δέ
1138 3423 1185 3476 τις
1209 3396 1294 3484 ὅμως

117 3483 273 3568 διακωχή·
304 3484 464 3572 παρέμεινε
490 3485 524 3548 δέ
549 3482 586 3548 cd
610 3483 667 3564 μέν
686 3479 815 3566 ὕστερον
835 3481 893 3548 ουίι
913 3480 1044 3548 έλασσον
1064 3485 1224 3562 ένιαυτοῧ,
1256 3485 1294 3554 τό

118 3572 153 3635 δέ
174 3569 323 3658 πρότερον
344 3571 395 3634 καὶ
417 3569 474 3633 doio
497 3567 567 3653 έτη,
596 3566 672 3635 ὥστε
687 3567 863 3652 Ἀθηναίων
901 3565 973 3650 εμὴ
994 3565 1070 3638 εἶναι
1091 3566 1154 3634 ὅτι
1173 3574 1294 3650 μᾶλλον

116 3652 252 3722 insieme
278 3655 334 3736 τὴν
355 3651 495 3736 δύναμιν.
542 3653 631 3722 Adde
660 3653 785 3720 Diodor.
814 3591 906 3719 Sicci
938 3653 1009 3720 ΧΠ.
1034 3655 1092 3722 68:
1132 3654 1203 3724 ’En'
1235 3653 1293 3742 ἅρ-

116 3765 227 3824 χυντος
247 3740 278 3804 δ’
298 3737 466 3826 Ἀθήνῃσιν
486 3737 681 3824 Εὐθυδήμου
702 3775 743 3789 -
764 3737 926 3821 Ἀθηναῖοι
967 3735 1057 3825 ρόνον
1076 3738 1145 3805 τινὰ
1165 3745 1220 3823 τῆς
1240 3736 1293 3806 νό.

202 3763 1176 3994 τινα,ανέμονἰιῐαννλαινλ
1192 3824 1292 3978 νέα

116 4004 179 4064 τῶν
207 3996 264 4078 μίν
288 3935 456 4077 dedidicit
482 3937 559 4081 ciniis
580 3995 654 4072 τοδς
673 3955 930 4078 τιτρακισχιλίοόε
950 4000 1015 4060 κτλ.
1057 3936 1214 4064 &novule
1234 3997 1291 4066 hac

116 4083 284 4148 calamitate
309 4083 511 4148 Athenienses
534 4082 667 4170 graviter
686 4079 801 4163 afflicti,
827 4089 858 4146 ut
878 4080 996 4146 tandem
1017 4077 1175 4168 aliquando
1195 4083 1290 4174 respi-

115 4174 222 4233 rarent
243 4189 261 4232 a
281 4168 383 4249 malis,
409 4165 543 4232 Deorum
564 4167 638 4231 iram
660 4166 837 4255 expiandam
858 4187 927 4232 esse
947 4174 1140 4232 censueruutz
1176 4167 1289 4234 instau-

115 4259 184 4317 rata
210 4252 221 4316 i
245 4253 303 4316 'tur
328 4259 399 4318 sunt
424 4252 542 4318 oraculo
567 4252 731 4342 imperante
757 4273 844 4318 sacra
862 4251 958 4344 patrio
978 4257 1009 4317 et
1028 4271 1133 4342 pompe
1152 4253 1186 4320 in
1206 4253 1289 4318 insu·
1358 4273 1362 4281 ’

116 4337 177 4408 lem
236 4337 330 4420 dam,
393 4337 450 4404 uod
476 4359 512 4403 eo
543 4338 609 4428 ipso
637 4357 715 4402 auno
740 4337 850 4404 lachim
876 4357 945 4402 esse
976 4338 1135 4403 memoriae
1160 4337 1291 4430 prodidit
1325 4388 1331 4397 .

116 4415 270 4490 Diodorus
289 4421 360 4490 ΧΠ.
432 4445 442 4489 t
493 4421 534 4490 Oi
560 4422 594 4488 δ’
619 4420 780 4508 Ἀθηναῖοι
805 4419 860 4489 διδ
885 4423 943 4507 τὴν
966 4417 1140 4508 ὖνιιρβολῆν
1159 4427 1215 4508 τῆς
1235 4419 1288 4490 εό-
1379 4438 1383 4446 ’

990 4525 1040 4591 30
