<?xml version="1.0" encoding="UTF-8"?>
<!DOCTYPE html PUBLIC "-//W3C//DTD XHTML 1.0 Transitional//EN"
    "http://www.w3.org/TR/xhtml1/DTD/xhtml1-transitional.dtd">
<html xmlns="http://www.w3.org/1999/xhtml" xml:lang="en" lang="en">
 <head>
  <title>
</title>
<meta http-equiv="Content-Type" content="text/html;charset=utf-8" />
  <meta name='ocr-system' content='tesseract 3.04.00' />
  <meta name='ocr-capabilities' content='ocr_page ocr_carea ocr_par ocr_line ocrx_word'/>
</head>
<body>
  <div class='ocr_page' id='page_1' title='image "./commentationumd00kggoog_0239.png"; bbox 0 0 3096 5062; ppageno 0'>
   <div class='ocr_carea' id='block_1_1' title="bbox 186 278 1030 392">
    <p class='ocr_par' dir='ltr' id='par_1_1' title="bbox 186 278 1030 392">
     <span class='ocr_line' id='line_1_1' title="bbox 186 278 1030 392; baseline 0 -44"><span class='ocrx_word' id='word_1_1' title='bbox 186 288 188 293; x_wconf 84' lang='grc'><strong>’</strong></span> <span class='ocrx_word' id='word_1_2' title='bbox 240 282 307 362; x_wconf 71' lang='lat'><strong>2⁰4</strong></span> <span class='ocrx_word' id='word_1_3' title='bbox 377 345 379 350; x_wconf 89' lang='grc'><strong><em>,</em></strong></span> <span class='ocrx_word' id='word_1_4' title='bbox 484 329 487 336; x_wconf 80' lang='lat'>·</span> <span class='ocrx_word' id='word_1_5' title='bbox 598 278 1030 392; x_wconf 49' lang='lat' dir='ltr'><strong>*commosis</strong></span> 
     </span>
    </p>
   </div>
   <div class='ocr_carea' id='block_1_2' title="bbox 163 449 1401 1059">
    <p class='ocr_par' dir='ltr' id='par_1_2' title="bbox 240 449 1401 776">
     <span class='ocr_line' id='line_1_2' title="bbox 240 449 1401 548; baseline -0.001 -29"><span class='ocrx_word' id='word_1_6' title='bbox 240 452 380 536; x_wconf 75' lang='grc' dir='ltr'><strong>Πυτίνην</strong></span> <span class='ocrx_word' id='word_1_7' title='bbox 405 450 533 528; x_wconf 70' lang='grc' dir='ltr'><strong>ἐδίδαξε.</strong></span> <span class='ocrx_word' id='word_1_8' title='bbox 581 449 688 516; x_wconf 81' lang='lat' dir='ltr'><strong>Finxit</strong></span> <span class='ocrx_word' id='word_1_9' title='bbox 713 456 809 516; x_wconf 89' lang='lat' dir='ltr'><strong>autem</strong></span> <span class='ocrx_word' id='word_1_10' title='bbox 831 456 922 539; x_wconf 86' lang='lat' dir='ltr'><strong>poeta</strong></span> <span class='ocrx_word' id='word_1_11' title='bbox 950 450 1116 548; x_wconf 56' lang='lat' dir='ltr'><strong>sc‘foesis</strong></span> <span class='ocrx_word' id='word_1_12' title='bbox 1145 452 1247 518; x_wconf 86' lang='lat' dir='ltr'><strong>uxoris</strong></span> <span class='ocrx_word' id='word_1_13' title='bbox 1273 457 1304 516; x_wconf 88' lang='lat' dir='ltr'><strong>et</strong></span> <span class='ocrx_word' id='word_1_14' title='bbox 1328 453 1401 518; x_wconf 91' lang='lat' dir='ltr'><strong>ami·</strong></span> 
     </span>
     <span class='ocr_line' id='line_1_3' title="bbox 242 535 1400 624; baseline -0.001 -20"><span class='ocrx_word' id='word_1_15' title='bbox 242 561 343 605; x_wconf 89' lang='lat' dir='ltr'><strong>corum</strong></span> <span class='ocrx_word' id='word_1_16' title='bbox 373 537 570 604; x_wconf 81' lang='lat' dir='ltr'><strong>admonitione</strong></span> <span class='ocrx_word' id='word_1_17' title='bbox 602 535 640 601; x_wconf 94' lang='lat' dir='ltr'><strong>ad</strong></span> <span class='ocrx_word' id='word_1_18' title='bbox 678 557 782 602; x_wconf 87' lang='lat' dir='ltr'><strong>sanam</strong></span> <span class='ocrx_word' id='word_1_19' title='bbox 819 536 963 624; x_wconf 85' lang='lat' dir='ltr'><strong>rationem</strong></span> <span class='ocrx_word' id='word_1_20' title='bbox 996 536 1122 602; x_wconf 87' lang='lat' dir='ltr'><strong>rediisse</strong></span> <span class='ocrx_word' id='word_1_21' title='bbox 1165 543 1255 622; x_wconf 85' lang='lat' dir='ltr'><strong>atque</strong></span> <span class='ocrx_word' id='word_1_22' title='bbox 1289 539 1400 604; x_wconf 82' lang='lat' dir='ltr'><strong>erroris</strong></span> 
     </span>
     <span class='ocr_line' id='line_1_4' title="bbox 241 619 1401 710; baseline 0 -22"><span class='ocrx_word' id='word_1_23' title='bbox 241 625 404 688; x_wconf 89' lang='lat' dir='ltr'><strong>convictum</strong></span> <span class='ocrx_word' id='word_1_24' title='bbox 425 644 504 704; x_wconf 88' lang='lat' dir='ltr'><strong>esse,</strong></span> <span class='ocrx_word' id='word_1_25' title='bbox 525 642 581 686; x_wconf 90' lang='lat' dir='ltr'><strong>nec</strong></span> <span class='ocrx_word' id='word_1_26' title='bbox 601 621 717 686; x_wconf 87' lang='lat' dir='ltr'><strong>erubuit</strong></span> <span class='ocrx_word' id='word_1_27' title='bbox 737 641 835 688; x_wconf 90' lang='lat' dir='ltr'><strong>coram</strong></span> <span class='ocrx_word' id='word_1_28' title='bbox 856 621 995 686; x_wconf 87' lang='lat' dir='ltr'><strong>universo</strong></span> <span class='ocrx_word' id='word_1_29' title='bbox 1015 621 1122 710; x_wconf 92' lang='lat' dir='ltr'><strong>populo</strong></span> <span class='ocrx_word' id='word_1_30' title='bbox 1143 619 1323 688; x_wconf 78' lang='lat' dir='ltr'><strong>Atheniensi</strong></span> <span class='ocrx_word' id='word_1_31' title='bbox 1342 623 1401 688; x_wconf 88' lang='lat' dir='ltr'><strong>ista</strong></span> 
     </span>
     <span class='ocr_line' id='line_1_5' title="bbox 240 709 352 776; baseline -0.036 0"><span class='ocrx_word' id='word_1_32' title='bbox 240 709 352 776; x_wconf 69' lang='lat' dir='ltr'><strong>diceroe</strong></span> 
     </span>
    </p>

    <p class='ocr_par' dir='ltr' id='par_1_3' title="bbox 321 787 967 877">
     <span class='ocr_line' id='line_1_6' title="bbox 321 787 967 877; baseline -0.005 -22"><span class='ocrx_word' id='word_1_33' title='bbox 321 787 412 877; x_wconf 79' lang='grc' dir='ltr'><strong>Ἅτὰρ</strong></span> <span class='ocrx_word' id='word_1_34' title='bbox 434 791 595 871; x_wconf 75' lang='grc' dir='ltr'><strong><em>ἒννοοῦμαι</em></strong></span> <span class='ocrx_word' id='word_1_35' title='bbox 616 791 695 872; x_wconf 80' lang='grc' dir='ltr'><strong><em>δῆτα</em></strong></span> <span class='ocrx_word' id='word_1_36' title='bbox 715 788 771 864; x_wconf 81' lang='grc' dir='ltr'><strong>τὰς</strong></span> <span class='ocrx_word' id='word_1_37' title='bbox 790 789 967 876; x_wconf 73' lang='grc' dir='ltr'><strong><em>μοχθηρίας</em></strong></span> 
     </span>
    </p>

    <p class='ocr_par' dir='ltr' id='par_1_4' title="bbox 163 871 1400 1059">
     <span class='ocr_line' id='line_1_7' title="bbox 329 871 769 959; baseline -0.005 -19"><span class='ocrx_word' id='word_1_38' title='bbox 329 881 393 959; x_wconf 82' lang='grc' dir='ltr'><strong>Τῆς</strong></span> <span class='ocrx_word' id='word_1_39' title='bbox 410 871 589 958; x_wconf 81' lang='grc' dir='ltr'><strong><em>σκαιότητος</em></strong></span> <span class='ocrx_word' id='word_1_40' title='bbox 609 881 665 956; x_wconf 80' lang='grc' dir='ltr'><strong>τῆς</strong></span> <span class='ocrx_word' id='word_1_41' title='bbox 685 876 769 958; x_wconf 68' lang='grc' dir='ltr'><strong><em>ἐμῆς.</em></strong></span> 
     </span>
     <span class='ocr_line' id='line_1_8' title="bbox 163 957 1400 1059; baseline -0.002 -31"><span class='ocrx_word' id='word_1_42' title='bbox 163 991 169 1006; x_wconf 87' lang='grc'><em>·</em></span> <span class='ocrx_word' id='word_1_43' title='bbox 239 965 282 1028; x_wconf 91' lang='lat' dir='ltr'><strong>ita</strong></span> <span class='ocrx_word' id='word_1_44' title='bbox 293 962 371 1026; x_wconf 89' lang='lat' dir='ltr'><strong>euim</strong></span> <span class='ocrx_word' id='word_1_45' title='bbox 382 960 564 1026; x_wconf 84' lang='lat' dir='ltr'><strong>emendanda</strong></span> <span class='ocrx_word' id='word_1_46' title='bbox 582 961 719 1041; x_wconf 90' lang='lat' dir='ltr'><strong>arbitror,</strong></span> <span class='ocrx_word' id='word_1_47' title='bbox 736 981 810 1046; x_wconf 89' lang='lat' dir='ltr'><strong>quae</strong></span> <span class='ocrx_word' id='word_1_48' title='bbox 825 965 961 1048; x_wconf 84' lang='lat' dir='ltr'><strong>corrupta</strong></span> <span class='ocrx_word' id='word_1_49' title='bbox 975 958 1114 1048; x_wconf 83' lang='lat' dir='ltr'><strong>leguntur</strong></span> <span class='ocrx_word' id='word_1_50' title='bbox 1127 959 1203 1059; x_wconf 79' lang='lat' dir='ltr'><strong>apud</strong></span> <span class='ocrx_word' id='word_1_51' title='bbox 1213 957 1400 1026; x_wconf 89' lang='lat' dir='ltr'><strong>Priscianum</strong></span> 
     </span>
    </p>
   </div>
   <div class='ocr_carea' id='block_1_3' title="bbox 235 1043 1400 2467">
    <p class='ocr_par' dir='ltr' id='par_1_5' title="bbox 235 1043 1400 1987">
     <span class='ocr_line' id='line_1_9' title="bbox 241 1043 1400 1134; baseline -0.003 -20"><span class='ocrx_word' id='word_1_52' title='bbox 241 1046 333 1114; x_wconf 81' lang='lat' dir='ltr'>T.11.</span> <span class='ocrx_word' id='word_1_53' title='bbox 344 1068 373 1134; x_wconf 88' lang='lat' dir='ltr'><strong>p.</strong></span> <span class='ocrx_word' id='word_1_54' title='bbox 384 1047 448 1110; x_wconf 77' lang='lat'><strong>202</strong></span> <span class='ocrx_word' id='word_1_55' title='bbox 460 1043 624 1110; x_wconf 85' lang='lat' dir='ltr'><strong>edKrehl.</strong></span> <span class='ocrx_word' id='word_1_56' title='bbox 645 1043 756 1117; x_wconf 87' lang='lat' dir='ltr'><strong>Verum</strong></span> <span class='ocrx_word' id='word_1_57' title='bbox 764 1043 904 1110; x_wconf 77' lang='lat' dir='ltr'><strong>Cratinus</strong></span> <span class='ocrx_word' id='word_1_58' title='bbox 917 1045 973 1108; x_wconf 89' lang='lat' dir='ltr'><strong>etsi</strong></span> <span class='ocrx_word' id='word_1_59' title='bbox 986 1066 1117 1110; x_wconf 89' lang='lat' dir='ltr'><strong>errorem</strong></span> <span class='ocrx_word' id='word_1_60' title='bbox 1125 1066 1255 1132; x_wconf 83' lang='lat' dir='ltr'><strong>ingenue</strong></span> <span class='ocrx_word' id='word_1_61' title='bbox 1266 1045 1400 1112; x_wconf 89' lang='lat' dir='ltr'><strong>confiteri</strong></span> 
     </span>
     <span class='ocr_line' id='line_1_10' title="bbox 240 1129 1400 1218; baseline -0.002 -21"><span class='ocrx_word' id='word_1_62' title='bbox 240 1153 329 1198; x_wconf 88' lang='lat' dir='ltr'><strong>ausus</strong></span> <span class='ocrx_word' id='word_1_63' title='bbox 341 1136 396 1212; x_wconf 84' lang='lat' dir='ltr'><strong>cst,</strong></span> <span class='ocrx_word' id='word_1_64' title='bbox 417 1129 510 1194; x_wconf 91' lang='lat' dir='ltr'><strong>libere</strong></span> <span class='ocrx_word' id='word_1_65' title='bbox 524 1136 621 1194; x_wconf 87' lang='lat' dir='ltr'><strong>tamen</strong></span> <span class='ocrx_word' id='word_1_66' title='bbox 634 1130 793 1214; x_wconf 78' lang='lat' dir='ltr'><strong>quaesitam</strong></span> <span class='ocrx_word' id='word_1_67' title='bbox 808 1129 920 1194; x_wconf 89' lang='lat' dir='ltr'><strong>meritis</strong></span> <span class='ocrx_word' id='word_1_68' title='bbox 931 1130 1097 1218; x_wconf 87' lang='lat' dir='ltr'><strong>superbiam</strong></span> <span class='ocrx_word' id='word_1_69' title='bbox 1113 1130 1217 1194; x_wconf 88' lang='lat' dir='ltr'><strong>sumsit</strong></span> <span class='ocrx_word' id='word_1_70' title='bbox 1228 1136 1325 1216; x_wconf 59' lang='lat' dir='ltr'><strong>amne,</strong></span> <span class='ocrx_word' id='word_1_71' title='bbox 1343 1151 1400 1216; x_wconf 88' lang='lat' dir='ltr'><strong>quo</strong></span> 
     </span>
     <span class='ocr_line' id='line_1_11' title="bbox 238 1213 1399 1302; baseline 0.002 -20"><span class='ocrx_word' id='word_1_72' title='bbox 238 1222 320 1282; x_wconf 85' lang='lat' dir='ltr'><strong>asset</strong></span> <span class='ocrx_word' id='word_1_73' title='bbox 339 1215 471 1302; x_wconf 81' lang='lat' dir='ltr'><strong>ingenio,</strong></span> <span class='ocrx_word' id='word_1_74' title='bbox 494 1214 729 1280; x_wconf 89' lang='lat' dir='ltr'><strong>adversariorum</strong></span> <span class='ocrx_word' id='word_1_75' title='bbox 750 1213 1000 1279; x_wconf 84' lang='lat' dir='ltr'><strong>criminationibus</strong></span> <span class='ocrx_word' id='word_1_76' title='bbox 1021 1215 1138 1280; x_wconf 90' lang='lat' dir='ltr'><strong>reiectis</strong></span> <span class='ocrx_word' id='word_1_77' title='bbox 1160 1215 1269 1280; x_wconf 88' lang='lat' dir='ltr'><strong>docuit:</strong></span> <span class='ocrx_word' id='word_1_78' title='bbox 1297 1236 1399 1284; x_wconf 86' lang='lat' dir='ltr'><strong>verum</strong></span> 
     </span>
     <span class='ocr_line' id='line_1_12' title="bbox 238 1299 1400 1387; baseline -0.001 -21"><span class='ocrx_word' id='word_1_79' title='bbox 238 1303 375 1387; x_wconf 88' lang='lat' dir='ltr'><strong>quoniam</strong></span> <span class='ocrx_word' id='word_1_80' title='bbox 386 1299 544 1380; x_wconf 84' lang='lat' dir='ltr'><strong>intellexit,</strong></span> <span class='ocrx_word' id='word_1_81' title='bbox 565 1319 680 1364; x_wconf 85' lang='lat' dir='ltr'><strong>omnem</strong></span> <span class='ocrx_word' id='word_1_82' title='bbox 695 1299 826 1384; x_wconf 90' lang='lat' dir='ltr'><strong>quamvis</strong></span> <span class='ocrx_word' id='word_1_83' title='bbox 847 1299 1030 1387; x_wconf 85' lang='lat' dir='ltr'><strong>splendidam</strong></span> <span class='ocrx_word' id='word_1_84' title='bbox 1051 1306 1081 1364; x_wconf 90' lang='lat' dir='ltr'><strong>et</strong></span> <span class='ocrx_word' id='word_1_85' title='bbox 1093 1300 1279 1387; x_wconf 78' lang='lat' dir='ltr'><strong>magnificam</strong></span> <span class='ocrx_word' id='word_1_86' title='bbox 1292 1301 1400 1366; x_wconf 90' lang='lat' dir='ltr'><strong>oratio-</strong></span> 
     </span>
     <span class='ocr_line' id='line_1_13' title="bbox 237 1383 1400 1484; baseline 0 -34"><span class='ocrx_word' id='word_1_87' title='bbox 237 1408 316 1468; x_wconf 89' lang='lat' dir='ltr'><strong>nem,</strong></span> <span class='ocrx_word' id='word_1_88' title='bbox 353 1407 417 1450; x_wconf 88' lang='lat' dir='ltr'><strong>uam</strong></span> <span class='ocrx_word' id='word_1_89' title='bbox 439 1385 503 1471; x_wconf 90' lang='lat' dir='ltr'><strong>ipse</strong></span> <span class='ocrx_word' id='word_1_90' title='bbox 524 1383 657 1464; x_wconf 89' lang='lat' dir='ltr'><strong>haberet,</strong></span> <span class='ocrx_word' id='word_1_91' title='bbox 677 1383 794 1470; x_wconf 83' lang='lat' dir='ltr'><strong>ingenii</strong></span> <span class='ocrx_word' id='word_1_92' title='bbox 815 1383 994 1450; x_wconf 83' lang='lat' dir='ltr'><strong>alacritatem</strong></span> <span class='ocrx_word' id='word_1_93' title='bbox 1016 1390 1045 1448; x_wconf 92' lang='lat' dir='ltr'><strong>et</strong></span> <span class='ocrx_word' id='word_1_94' title='bbox 1064 1385 1198 1484; x_wconf 78' lang='lat' dir='ltr'><strong>vigorem</strong></span> <span class='ocrx_word' id='word_1_95' title='bbox 1216 1398 1400 1468; x_wconf 87' lang='lat' dir='ltr'><strong>ostensurus,</strong></span> 
     </span>
     <span class='ocr_line' id='line_1_14' title="bbox 237 1405 1398 1551; baseline 0.001 -16"><span class='ocrx_word' id='word_1_96' title='bbox 237 1472 314 1536; x_wconf 90' lang='lat' dir='ltr'><strong>iusto</strong></span> <span class='ocrx_word' id='word_1_97' title='bbox 334 1405 512 1534; x_wconf 79' lang='lat' dir='ltr'><strong>deteriorem</strong></span> <span class='ocrx_word' id='word_1_98' title='bbox 539 1474 589 1532; x_wconf 90' lang='lat' dir='ltr'><strong>aut</strong></span> <span class='ocrx_word' id='word_1_99' title='bbox 618 1475 696 1532; x_wconf 89' lang='lat' dir='ltr'><strong>certe</strong></span> <span class='ocrx_word' id='word_1_100' title='bbox 722 1468 894 1533; x_wconf 87' lang='lat' dir='ltr'><strong>debiliorem</strong></span> <span class='ocrx_word' id='word_1_101' title='bbox 920 1468 1001 1551; x_wconf 89' lang='lat' dir='ltr'><strong>lore,</strong></span> <span class='ocrx_word' id='word_1_102' title='bbox 1027 1469 1070 1534; x_wconf 86' lang='lat' dir='ltr'><strong>ita</strong></span> <span class='ocrx_word' id='word_1_103' title='bbox 1097 1469 1240 1550; x_wconf 80' lang='lat' dir='ltr'><strong>institnit,</strong></span> <span class='ocrx_word' id='word_1_104' title='bbox 1267 1477 1299 1534; x_wconf 90' lang='lat' dir='ltr'><strong>ut</strong></span> <span class='ocrx_word' id='word_1_105' title='bbox 1318 1471 1398 1536; x_wconf 89' lang='lat' dir='ltr'><strong>intus</strong></span> 
     </span>
     <span class='ocr_line' id='line_1_15' title="bbox 237 1552 1399 1638; baseline 0 -17"><span class='ocrx_word' id='word_1_106' title='bbox 237 1577 271 1621; x_wconf 87' lang='lat' dir='ltr'><strong>se</strong></span> <span class='ocrx_word' id='word_1_107' title='bbox 292 1553 452 1620; x_wconf 85' lang='lat' dir='ltr'><strong>defendere</strong></span> <span class='ocrx_word' id='word_1_108' title='bbox 478 1561 564 1638; x_wconf 88' lang='lat' dir='ltr'><strong>atque</strong></span> <span class='ocrx_word' id='word_1_109' title='bbox 590 1552 642 1618; x_wconf 88' lang='lat' dir='ltr'><strong>illa</strong></span> <span class='ocrx_word' id='word_1_110' title='bbox 668 1552 791 1618; x_wconf 86' lang='lat' dir='ltr'><strong>crimine</strong></span> <span class='ocrx_word' id='word_1_111' title='bbox 819 1553 931 1618; x_wconf 92' lang='lat' dir='ltr'><strong>diluere</strong></span> <span class='ocrx_word' id='word_1_112' title='bbox 958 1553 1142 1636; x_wconf 84' lang='lat' dir='ltr'><strong>crederetur,</strong></span> <span class='ocrx_word' id='word_1_113' title='bbox 1169 1555 1275 1620; x_wconf 89' lang='lat' dir='ltr'><strong>chorus</strong></span> <span class='ocrx_word' id='word_1_114' title='bbox 1303 1561 1399 1621; x_wconf 90' lang='lat' dir='ltr'><strong>autem</strong></span> 
     </span>
     <span class='ocr_line' id='line_1_16' title="bbox 236 1637 1399 1724; baseline 0.002 -20"><span class='ocrx_word' id='word_1_115' title='bbox 236 1639 287 1705; x_wconf 87' lang='lat' dir='ltr'><strong>vel</strong></span> <span class='ocrx_word' id='word_1_116' title='bbox 312 1638 417 1724; x_wconf 86' lang='lat' dir='ltr'><strong>aliquis</strong></span> <span class='ocrx_word' id='word_1_117' title='bbox 450 1659 490 1702; x_wconf 89' lang='lat' dir='ltr'><strong>ex</strong></span> <span class='ocrx_word' id='word_1_118' title='bbox 522 1638 623 1702; x_wconf 92' lang='lat' dir='ltr'><strong>amicis</strong></span> <span class='ocrx_word' id='word_1_119' title='bbox 653 1659 766 1702; x_wconf 91' lang='lat' dir='ltr'><strong>summa</strong></span> <span class='ocrx_word' id='word_1_120' title='bbox 793 1637 985 1702; x_wconf 87' lang='lat' dir='ltr'><strong>admiratione</strong></span> <span class='ocrx_word' id='word_1_121' title='bbox 1016 1646 1175 1705; x_wconf 90' lang='lat' dir='ltr'><strong>commotus</strong></span> <span class='ocrx_word' id='word_1_122' title='bbox 1208 1645 1238 1704; x_wconf 92' lang='lat' dir='ltr'><strong>et</strong></span> <span class='ocrx_word' id='word_1_123' title='bbox 1267 1639 1320 1704; x_wconf 87' lang='lat' dir='ltr'><strong>vix</strong></span> <span class='ocrx_word' id='word_1_124' title='bbox 1352 1641 1399 1706; x_wconf 89' lang='lat' dir='ltr'><strong>sui</strong></span> 
     </span>
     <span class='ocr_line' id='line_1_17' title="bbox 237 1722 1399 1816; baseline 0.003 -26"><span class='ocrx_word' id='word_1_125' title='bbox 237 1745 354 1813; x_wconf 88' lang='lat' dir='ltr'><strong>compos</strong></span> <span class='ocrx_word' id='word_1_126' title='bbox 381 1724 413 1788; x_wconf 94' lang='lat' dir='ltr'><strong>in</strong></span> <span class='ocrx_word' id='word_1_127' title='bbox 441 1723 585 1788; x_wconf 86' lang='lat' dir='ltr'><strong>theatrum</strong></span> <span class='ocrx_word' id='word_1_128' title='bbox 612 1723 744 1812; x_wconf 87' lang='lat' dir='ltr'><strong>prodiret</strong></span> <span class='ocrx_word' id='word_1_129' title='bbox 769 1729 854 1808; x_wconf 86' lang='lat' dir='ltr'><strong>atque</strong></span> <span class='ocrx_word' id='word_1_130' title='bbox 880 1723 940 1788; x_wconf 86' lang='lat' dir='ltr'><strong>ista</strong></span> <span class='ocrx_word' id='word_1_131' title='bbox 965 1723 1077 1792; x_wconf 75' lang='lat' dir='ltr'><strong>dicero</strong></span> <span class='ocrx_word' id='word_1_132' title='bbox 1103 1723 1223 1808; x_wconf 84' lang='lat' dir='ltr'><strong>(Schol.</strong></span> <span class='ocrx_word' id='word_1_133' title='bbox 1244 1722 1399 1816; x_wconf 80' lang='lat' dir='ltr'><strong>Aristoph.</strong></span> 
     </span>
     <span class='ocr_line' id='line_1_18' title="bbox 235 1805 1019 1987; baseline -0.001 -30"><span class='ocrx_word' id='word_1_134' title='bbox 235 1805 578 1987; x_wconf 45' lang='lat' dir='ltr'><strong>qudditlirndltnv</strong></span> <span class='ocrx_word' id='word_1_135' title='bbox 598 1895 660 1956; x_wconf 82' lang='grc' dir='ltr'><strong>τῶν</strong></span> <span class='ocrx_word' id='word_1_136' title='bbox 680 1892 836 1956; x_wconf 74' lang='lat' dir='ltr'><strong>insinceri</strong></span> <span class='ocrx_word' id='word_1_137' title='bbox 859 1879 1019 1976; x_wconf 68' lang='grc' dir='ltr'><strong><em>ῥεύματος.</em></strong></span> 
     </span>
    </p>

    <p class='ocr_par' dir='ltr' id='par_1_6' title="bbox 320 1969 1094 2060">
     <span class='ocr_line' id='line_1_19' title="bbox 320 1969 1094 2060; baseline 0.003 -18"><span class='ocrx_word' id='word_1_138' title='bbox 320 1980 502 2060; x_wconf 82' lang='grc' dir='ltr'><strong><em>Κανοχοῦσι</em></strong></span> <span class='ocrx_word' id='word_1_139' title='bbox 523 1977 632 2060; x_wconf 76' lang='grc' dir='ltr'><strong><em>πηγαί,</em></strong></span> <span class='ocrx_word' id='word_1_140' title='bbox 658 1972 905 2058; x_wconf 78' lang='grc' dir='ltr'><em>δωδεκάκρουνον</em></span> <span class='ocrx_word' id='word_1_141' title='bbox 925 1975 961 2040; x_wconf 83' lang='grc' dir='ltr'><strong>τὸ</strong></span> <span class='ocrx_word' id='word_1_142' title='bbox 982 1969 1094 2058; x_wconf 80' lang='grc' dir='ltr'><strong><em>στόμα.</em></strong></span> 
     </span>
    </p>

    <p class='ocr_par' dir='ltr' id='par_1_7' title="bbox 313 2059 1043 2147">
     <span class='ocr_line' id='line_1_20' title="bbox 313 2059 1043 2147; baseline -0.003 -21"><span class='ocrx_word' id='word_1_143' title='bbox 313 2059 445 2138; x_wconf 79' lang='grc' dir='ltr'><strong><em>Ἲλισσος</em></strong></span> <span class='ocrx_word' id='word_1_144' title='bbox 465 2063 497 2126; x_wconf 74' lang='grc' dir='ltr'><strong>ἓν</strong></span> <span class='ocrx_word' id='word_1_145' title='bbox 518 2066 555 2147; x_wconf 79' lang='grc' dir='ltr'><strong>τῇ</strong></span> <span class='ocrx_word' id='word_1_146' title='bbox 568 2059 707 2146; x_wconf 58' lang='grc' dir='ltr'><strong><em>νφᾶρυγι·</em></strong></span> <span class='ocrx_word' id='word_1_147' title='bbox 735 2063 767 2126; x_wconf 82' lang='grc' dir='ltr'><strong>τί</strong></span> <span class='ocrx_word' id='word_1_148' title='bbox 785 2059 823 2125; x_wconf 74' lang='grc' dir='ltr'><strong>ἂν</strong></span> <span class='ocrx_word' id='word_1_149' title='bbox 843 2060 959 2142; x_wconf 73' lang='grc' dir='ltr'><strong><em>εἴποιμί</em></strong></span> <span class='ocrx_word' id='word_1_150' title='bbox 974 2085 1023 2126; x_wconf 88' lang='grc' dir='ltr'><strong><em>σοι</em></strong></span> <span class='ocrx_word' id='word_1_151' title='bbox 1030 2089 1043 2144; x_wconf 86' lang='grc'><strong>,·</strong></span> 
     </span>
    </p>

    <p class='ocr_par' dir='ltr' id='par_1_8' title="bbox 319 2142 1033 2231">
     <span class='ocr_line' id='line_1_21' title="bbox 319 2142 1033 2231; baseline -0.003 -19"><span class='ocrx_word' id='word_1_152' title='bbox 319 2149 359 2212; x_wconf 77' lang='lat' dir='ltr'><strong>El</strong></span> <span class='ocrx_word' id='word_1_153' title='bbox 377 2146 422 2230; x_wconf 78' lang='grc' dir='ltr'><strong>μὴ</strong></span> <span class='ocrx_word' id='word_1_154' title='bbox 442 2145 501 2231; x_wconf 77' lang='grc' dir='ltr'><strong>γὰρ</strong></span> <span class='ocrx_word' id='word_1_155' title='bbox 522 2143 657 2226; x_wconf 72' lang='grc' dir='ltr'><strong><em>ἓαιβῦσιι</em></strong></span> <span class='ocrx_word' id='word_1_156' title='bbox 677 2171 724 2221; x_wconf 85' lang='grc' dir='ltr'><strong>τις</strong></span> <span class='ocrx_word' id='word_1_157' title='bbox 745 2145 844 2211; x_wconf 72' lang='grc' dir='ltr'><strong><em>αὐτοῦ</em></strong></span> <span class='ocrx_word' id='word_1_158' title='bbox 866 2145 901 2211; x_wconf 76' lang='grc' dir='ltr'><strong>τὸ</strong></span> <span class='ocrx_word' id='word_1_159' title='bbox 922 2142 1033 2228; x_wconf 83' lang='grc' dir='ltr'><strong><em>στόμα,</em></strong></span> 
     </span>
    </p>

    <p class='ocr_par' dir='ltr' id='par_1_9' title="bbox 235 2227 1398 2467">
     <span class='ocr_line' id='line_1_22' title="bbox 313 2227 1076 2311; baseline -0.008 -13"><span class='ocrx_word' id='word_1_160' title='bbox 313 2229 451 2298; x_wconf 73' lang='grc' dir='ltr'><strong><em>Ἄτακτα</em></strong></span> <span class='ocrx_word' id='word_1_161' title='bbox 471 2236 570 2296; x_wconf 76' lang='grc' dir='ltr'><strong><em>ταῦτα</em></strong></span> <span class='ocrx_word' id='word_1_162' title='bbox 591 2227 772 2296; x_wconf 72' lang='grc' dir='ltr'><strong><em>κατακλύσει</em></strong></span> <span class='ocrx_word' id='word_1_163' title='bbox 792 2227 968 2311; x_wconf 81' lang='grc' dir='ltr'><strong><em>ποιήμασιν.</em></strong></span> <span class='ocrx_word' id='word_1_164' title='bbox 1074 2261 1076 2268; x_wconf 55' lang='lat'><em>2</em></span> 
     </span>
     <span class='ocr_line' id='line_1_23' title="bbox 235 2315 1398 2467; baseline 0.003 -86"><span class='ocrx_word' id='word_1_165' title='bbox 235 2337 310 2467; x_wconf 80' lang='lat' dir='ltr'><strong>puae</strong></span> <span class='ocrx_word' id='word_1_166' title='bbox 330 2337 381 2381; x_wconf 90' lang='lat' dir='ltr'><strong>res</strong></span> <span class='ocrx_word' id='word_1_167' title='bbox 397 2315 435 2381; x_wconf 91' lang='lat' dir='ltr'><strong>ad</strong></span> <span class='ocrx_word' id='word_1_168' title='bbox 448 2317 561 2380; x_wconf 91' lang='lat' dir='ltr'><strong>animos</strong></span> <span class='ocrx_word' id='word_1_169' title='bbox 582 2317 774 2416; x_wconf 66' lang='lat' dir='ltr'><strong>spectantium</strong></span> <span class='ocrx_word' id='word_1_170' title='bbox 794 2315 997 2404; x_wconf 87' lang='lat' dir='ltr'><strong>percellendos</strong></span> <span class='ocrx_word' id='word_1_171' title='bbox 1016 2320 1081 2380; x_wconf 89' lang='lat' dir='ltr'><strong>erat</strong></span> <span class='ocrx_word' id='word_1_172' title='bbox 1092 2315 1398 2384; x_wconf 87' lang='lat' dir='ltr'><strong>accommodatissima.</strong></span> 
     </span>
    </p>
   </div>
   <div class='ocr_carea' id='block_1_4' title="bbox 252 2399 1506 2500">
    <p class='ocr_par' dir='ltr' id='par_1_10' title="bbox 252 2399 1506 2500">
     <span class='ocr_line' id='line_1_24' title="bbox 252 2399 1506 2500; baseline 0.002 -35"><span class='ocrx_word' id='word_1_173' title='bbox 252 2408 338 2486; x_wconf 90' lang='lat' dir='ltr'><strong>taque</strong></span> <span class='ocrx_word' id='word_1_174' title='bbox 358 2422 422 2465; x_wconf 92' lang='lat' dir='ltr'><strong>curn</strong></span> <span class='ocrx_word' id='word_1_175' title='bbox 443 2400 574 2500; x_wconf 78' lang='lat' dir='ltr'><strong>ingenue</strong></span> <span class='ocrx_word' id='word_1_176' title='bbox 587 2400 658 2464; x_wconf 77' lang='lat' dir='ltr'><strong>vitia</strong></span> <span class='ocrx_word' id='word_1_177' title='bbox 680 2407 760 2465; x_wconf 85' lang='lat' dir='ltr'><strong>esset</strong></span> <span class='ocrx_word' id='word_1_178' title='bbox 779 2399 932 2488; x_wconf 86' lang='lat' dir='ltr'><strong>professus</strong></span> <span class='ocrx_word' id='word_1_179' title='bbox 955 2399 1118 2486; x_wconf 85' lang='lat' dir='ltr'><strong>eximieque</strong></span> <span class='ocrx_word' id='word_1_180' title='bbox 1139 2423 1223 2466; x_wconf 89' lang='lat' dir='ltr'><strong>suum</strong></span> <span class='ocrx_word' id='word_1_181' title='bbox 1244 2402 1399 2489; x_wconf 84' lang='lat' dir='ltr'><strong>ingenium</strong></span> <span class='ocrx_word' id='word_1_182' title='bbox 1503 2461 1506 2468; x_wconf 80' lang='grc'><strong><em>,</em></strong></span> 
     </span>
    </p>
   </div>
   <div class='ocr_carea' id='block_1_5' title="bbox 232 2485 1399 3001">
    <p class='ocr_par' dir='ltr' id='par_1_11' title="bbox 232 2485 1399 3001">
     <span class='ocr_line' id='line_1_25' title="bbox 235 2485 1398 2575; baseline 0.001 -22"><span class='ocrx_word' id='word_1_183' title='bbox 235 2486 459 2566; x_wconf 88' lang='lat' dir='ltr'><strong>illustravisset,</strong></span> <span class='ocrx_word' id='word_1_184' title='bbox 500 2507 559 2550; x_wconf 88' lang='lat' dir='ltr'><strong>ram</strong></span> <span class='ocrx_word' id='word_1_185' title='bbox 585 2485 617 2550; x_wconf 89' lang='lat' dir='ltr'><strong>in</strong></span> <span class='ocrx_word' id='word_1_186' title='bbox 645 2486 783 2573; x_wconf 87' lang='lat' dir='ltr'><strong>parabasi</strong></span> <span class='ocrx_word' id='word_1_187' title='bbox 809 2485 926 2550; x_wconf 87' lang='lat' dir='ltr'><strong>videtur</strong></span> <span class='ocrx_word' id='word_1_188' title='bbox 952 2485 1081 2551; x_wconf 85' lang='lat' dir='ltr'><strong>aemulos</strong></span> <span class='ocrx_word' id='word_1_189' title='bbox 1107 2493 1226 2575; x_wconf 86' lang='lat' dir='ltr'><strong>poetas,</strong></span> <span class='ocrx_word' id='word_1_190' title='bbox 1254 2489 1398 2574; x_wconf 83' lang='lat' dir='ltr'><strong>aquibus</strong></span> 
     </span>
     <span class='ocr_line' id='line_1_26' title="bbox 235 2569 1399 2659; baseline 0.002 -23"><span class='ocrx_word' id='word_1_191' title='bbox 235 2572 293 2636; x_wconf 90' lang='lat' dir='ltr'><strong>ista</strong></span> <span class='ocrx_word' id='word_1_192' title='bbox 313 2569 477 2659; x_wconf 80' lang='lat' dir='ltr'><strong>ignominia</strong></span> <span class='ocrx_word' id='word_1_193' title='bbox 504 2569 562 2634; x_wconf 91' lang='lat' dir='ltr'><strong>sibi</strong></span> <span class='ocrx_word' id='word_1_194' title='bbox 583 2577 648 2635; x_wconf 89' lang='lat' dir='ltr'><strong>erat</strong></span> <span class='ocrx_word' id='word_1_195' title='bbox 667 2569 810 2652; x_wconf 81' lang='lat' dir='ltr'><strong>condeta,</strong></span> <span class='ocrx_word' id='word_1_196' title='bbox 852 2570 1039 2634; x_wconf 87' lang='lat' dir='ltr'><strong>recensuisse</strong></span> <span class='ocrx_word' id='word_1_197' title='bbox 1060 2577 1090 2634; x_wconf 91' lang='lat' dir='ltr'><strong>et</strong></span> <span class='ocrx_word' id='word_1_198' title='bbox 1110 2572 1164 2636; x_wconf 89' lang='lat' dir='ltr'><strong>sub</strong></span> <span class='ocrx_word' id='word_1_199' title='bbox 1186 2593 1321 2638; x_wconf 88' lang='lat' dir='ltr'><strong>severum</strong></span> <span class='ocrx_word' id='word_1_200' title='bbox 1352 2575 1399 2638; x_wconf 90' lang='lat' dir='ltr'><strong>iu-</strong></span> 
     </span>
     <span class='ocr_line' id='line_1_27' title="bbox 236 2653 1398 2747; baseline 0.003 -26"><span class='ocrx_word' id='word_1_201' title='bbox 236 2655 343 2722; x_wconf 91' lang='lat' dir='ltr'><strong>dicium</strong></span> <span class='ocrx_word' id='word_1_202' title='bbox 371 2677 502 2720; x_wconf 87' lang='lat' dir='ltr'><strong>vocasse.</strong></span> <span class='ocrx_word' id='word_1_203' title='bbox 542 2653 676 2720; x_wconf 83' lang='lat' dir='ltr'><strong>Maxime</strong></span> <span class='ocrx_word' id='word_1_204' title='bbox 701 2677 772 2720; x_wconf 85' lang='lat' dir='ltr'><strong>vero</strong></span> <span class='ocrx_word' id='word_1_205' title='bbox 799 2655 898 2742; x_wconf 85' lang='lat' dir='ltr'><strong>attigit</strong></span> <span class='ocrx_word' id='word_1_206' title='bbox 917 2653 1166 2742; x_wconf 82' lang='lat' dir='ltr'><strong>Aristophanem,</strong></span> <span class='ocrx_word' id='word_1_207' title='bbox 1192 2677 1278 2742; x_wconf 90' lang='lat' dir='ltr'><strong>quem</strong></span> <span class='ocrx_word' id='word_1_208' title='bbox 1305 2658 1398 2747; x_wconf 82' lang='lat' dir='ltr'><strong>vulgo</strong></span> 
     </span>
     <span class='ocr_line' id='line_1_28' title="bbox 234 2739 1399 2834; baseline 0 -26"><span class='ocrx_word' id='word_1_209' title='bbox 234 2741 443 2808; x_wconf 86' lang='lat' dir='ltr'><strong>existimabant</strong></span> <span class='ocrx_word' id='word_1_210' title='bbox 462 2740 616 2829; x_wconf 85' lang='lat' dir='ltr'><strong>Eupolidis</strong></span> <span class='ocrx_word' id='word_1_211' title='bbox 642 2762 732 2830; x_wconf 91' lang='lat' dir='ltr'><strong>opera</strong></span> <span class='ocrx_word' id='word_1_212' title='bbox 752 2741 785 2806; x_wconf 86' lang='lat' dir='ltr'><strong>ih</strong></span> <span class='ocrx_word' id='word_1_213' title='bbox 804 2739 914 2806; x_wconf 82' lang='lat' dir='ltr'><strong>sabulis</strong></span> <span class='ocrx_word' id='word_1_214' title='bbox 935 2740 1142 2829; x_wconf 86' lang='lat' dir='ltr'><strong>componendis</strong></span> <span class='ocrx_word' id='word_1_215' title='bbox 1165 2741 1221 2824; x_wconf 86' lang='lat' dir='ltr'><strong>uti,</strong></span> <span class='ocrx_word' id='word_1_216' title='bbox 1253 2761 1309 2826; x_wconf 89' lang='lat' dir='ltr'><strong>qno</strong></span> <span class='ocrx_word' id='word_1_217' title='bbox 1329 2765 1399 2834; x_wconf 89' lang='lat' dir='ltr'><strong>per·</strong></span> 
     </span>
     <span class='ocr_line' id='line_1_29' title="bbox 234 2823 1397 2974; baseline -0.001 -82"><span class='ocrx_word' id='word_1_218' title='bbox 234 2828 309 2893; x_wconf 91' lang='lat' dir='ltr'><strong>tinet</strong></span> <span class='ocrx_word' id='word_1_219' title='bbox 328 2827 416 2908; x_wconf 91' lang='lat' dir='ltr'><strong>illud,</strong></span> <span class='ocrx_word' id='word_1_220' title='bbox 437 2827 514 2913; x_wconf 83' lang='lat' dir='ltr'><strong>quod</strong></span> <span class='ocrx_word' id='word_1_221' title='bbox 535 2823 702 2892; x_wconf 84' lang='lat' dir='ltr'><strong>Scholiasta</strong></span> <span class='ocrx_word' id='word_1_222' title='bbox 712 2823 865 2974; x_wconf 63' lang='lat' dir='ltr'><strong>Aristloph.</strong></span> <span class='ocrx_word' id='word_1_223' title='bbox 878 2823 953 2911; x_wconf 88' lang='lat' dir='ltr'><strong>qu.</strong></span> <span class='ocrx_word' id='word_1_224' title='bbox 974 2825 1094 2892; x_wconf 70' lang='lat' dir='ltr'><strong>ntes:</strong></span> <span class='ocrx_word' id='word_1_225' title='bbox 1119 2830 1229 2892; x_wconf 79' lang='grc' dir='ltr'><strong><em>Ταῦτα</em></strong></span> <span class='ocrx_word' id='word_1_226' title='bbox 1249 2823 1397 2911; x_wconf 73' lang='grc' dir='ltr'><strong><em>ἀκούσας,</em></strong></span> 
     </span>
     <span class='ocr_line' id='line_1_30' title="bbox 232 2906 1396 3001; baseline 0 -23"><span class='ocrx_word' id='word_1_227' title='bbox 232 2913 342 3001; x_wconf 87' lang='lat' dir='ltr'><strong>inquit,</strong></span> <span class='ocrx_word' id='word_1_228' title='bbox 364 2909 380 2978; x_wconf 81' lang='grc' dir='ltr'><strong>ὅ</strong></span> <span class='ocrx_word' id='word_1_229' title='bbox 401 2913 557 2998; x_wconf 75' lang='grc' dir='ltr'><strong><em>Κρατῖνος</em></strong></span> <span class='ocrx_word' id='word_1_230' title='bbox 577 2908 693 2999; x_wconf 57' lang='grc' dir='ltr'><strong><em>ἔγραψε</em></strong></span> <span class='ocrx_word' id='word_1_231' title='bbox 713 2910 769 2995; x_wconf 78' lang='grc' dir='ltr'><strong>τὴν</strong></span> <span class='ocrx_word' id='word_1_232' title='bbox 821 2909 938 2994; x_wconf 70' lang='grc' dir='ltr'><strong><em>κείνην,</em></strong></span> <span class='ocrx_word' id='word_1_233' title='bbox 960 2909 1076 2988; x_wconf 65' lang='grc' dir='ltr'><strong><em>δεικνὺς</em></strong></span> <span class='ocrx_word' id='word_1_234' title='bbox 1096 2906 1142 2976; x_wconf 78' lang='grc' dir='ltr'><strong>ὅτι</strong></span> <span class='ocrx_word' id='word_1_235' title='bbox 1164 2910 1220 2977; x_wconf 75' lang='grc' dir='ltr'><strong>οὐκ</strong></span> <span class='ocrx_word' id='word_1_236' title='bbox 1240 2911 1396 3000; x_wconf 69' lang='grc' dir='ltr'><strong><em>ἐλήρησεν,</em></strong></span> 
     </span>
    </p>
   </div>
   <div class='ocr_carea' id='block_1_6' title="bbox 224 3215 1476 4447">
    <p class='ocr_par' dir='ltr' id='par_1_12' title="bbox 224 3215 1476 3765">
     <span class='ocr_line' id='line_1_31' title="bbox 232 3215 1420 3288; baseline 0 -13"><span class='ocrx_word' id='word_1_237' title='bbox 232 3219 278 3276; x_wconf 90' lang='lat' dir='ltr'><strong>Sic</strong></span> <span class='ocrx_word' id='word_1_238' title='bbox 294 3219 365 3273; x_wconf 89' lang='lat' dir='ltr'><strong>enim</strong></span> <span class='ocrx_word' id='word_1_239' title='bbox 381 3219 461 3275; x_wconf 81' lang='lat' dir='ltr'><strong>verba</strong></span> <span class='ocrx_word' id='word_1_240' title='bbox 483 3215 553 3270; x_wconf 83' lang='lat' dir='ltr'><strong>satis</strong></span> <span class='ocrx_word' id='word_1_241' title='bbox 570 3216 722 3287; x_wconf 80' lang='lat' dir='ltr'><strong>perturbate</strong></span> <span class='ocrx_word' id='word_1_242' title='bbox 738 3215 900 3286; x_wconf 84' lang='lat' dir='ltr'><strong>disponenda</strong></span> <span class='ocrx_word' id='word_1_243' title='bbox 917 3216 1046 3286; x_wconf 86' lang='lat' dir='ltr'><strong>arbitror,</strong></span> <span class='ocrx_word' id='word_1_244' title='bbox 1069 3235 1227 3288; x_wconf 82' lang='lat' dir='ltr'><strong>quamquam</strong></span> <span class='ocrx_word' id='word_1_245' title='bbox 1249 3218 1314 3274; x_wconf 86' lang='lat' dir='ltr'><strong>haee</strong></span> <span class='ocrx_word' id='word_1_246' title='bbox 1329 3237 1396 3276; x_wconf 80' lang='lat' dir='ltr'><strong>sane</strong></span> <span class='ocrx_word' id='word_1_247' title='bbox 1416 3277 1420 3285; x_wconf 74' lang='grc'><strong><em>,</em></strong></span> 
     </span>
     <span class='ocr_line' id='line_1_32' title="bbox 232 3283 1395 3353; baseline -0.001 -11"><span class='ocrx_word' id='word_1_248' title='bbox 232 3291 346 3342; x_wconf 86' lang='lat' dir='ltr'><strong>incerta:</strong></span> <span class='ocrx_word' id='word_1_249' title='bbox 363 3304 397 3340; x_wconf 87' lang='lat' dir='ltr'><strong>ne</strong></span> <span class='ocrx_word' id='word_1_250' title='bbox 417 3304 449 3340; x_wconf 92' lang='lat' dir='ltr'><strong>ue</strong></span> <span class='ocrx_word' id='word_1_251' title='bbox 464 3302 528 3340; x_wconf 83' lang='lat' dir='ltr'><strong>vero</strong></span> <span class='ocrx_word' id='word_1_252' title='bbox 544 3285 595 3340; x_wconf 91' lang='lat' dir='ltr'><strong>hoc</strong></span> <span class='ocrx_word' id='word_1_253' title='bbox 611 3285 674 3338; x_wconf 84' lang='lat' dir='ltr'><strong>fecit</strong></span> <span class='ocrx_word' id='word_1_254' title='bbox 689 3284 717 3337; x_wconf 93' lang='lat' dir='ltr'><strong>in</strong></span> <span class='ocrx_word' id='word_1_255' title='bbox 725 3283 858 3350; x_wconf 79' lang='lat' dir='ltr'><strong>Anagyro,</strong></span> <span class='ocrx_word' id='word_1_256' title='bbox 876 3287 945 3353; x_wconf 86' lang='lat' dir='ltr'><strong>quod</strong></span> <span class='ocrx_word' id='word_1_257' title='bbox 962 3286 1094 3340; x_wconf 85' lang='lat' dir='ltr'><strong>existimat</strong></span> <span class='ocrx_word' id='word_1_258' title='bbox 1105 3287 1267 3342; x_wconf 84' lang='lat' dir='ltr'><strong>Fritzschius</strong></span> <span class='ocrx_word' id='word_1_259' title='bbox 1282 3290 1395 3350; x_wconf 71' lang='lat' dir='ltr'><strong>Quaest.</strong></span> 
     </span>
     <span class='ocr_line' id='line_1_33' title="bbox 231 3353 1396 3434; baseline 0.001 -26"><span class='ocrx_word' id='word_1_260' title='bbox 231 3353 368 3426; x_wconf 81' lang='lat' dir='ltr'><strong>Aristoph.</strong></span> <span class='ocrx_word' id='word_1_261' title='bbox 414 3353 590 3434; x_wconf 73' lang='lat' dir='ltr'><strong>.p.p.1ll,</strong></span> <span class='ocrx_word' id='word_1_262' title='bbox 612 3353 660 3407; x_wconf 83' lang='lat' dir='ltr'><strong>sed</strong></span> <span class='ocrx_word' id='word_1_263' title='bbox 682 3357 712 3405; x_wconf 91' lang='lat' dir='ltr'><strong>ut</strong></span> <span class='ocrx_word' id='word_1_264' title='bbox 733 3368 783 3418; x_wconf 81' lang='lat' dir='ltr'><strong>ego</strong></span> <span class='ocrx_word' id='word_1_265' title='bbox 806 3353 920 3406; x_wconf 87' lang='lat' dir='ltr'><strong>arbitror</strong></span> <span class='ocrx_word' id='word_1_266' title='bbox 941 3354 970 3406; x_wconf 91' lang='lat' dir='ltr'><strong>in</strong></span> <span class='ocrx_word' id='word_1_267' title='bbox 994 3354 1039 3408; x_wconf 81' lang='lat' dir='ltr'><strong>ille</strong></span> <span class='ocrx_word' id='word_1_268' title='bbox 1060 3355 1164 3422; x_wconf 79' lang='lat' dir='ltr'><strong>sabula,</strong></span> <span class='ocrx_word' id='word_1_269' title='bbox 1187 3373 1265 3426; x_wconf 83' lang='lat' dir='ltr'><strong>quam</strong></span> <span class='ocrx_word' id='word_1_270' title='bbox 1282 3355 1396 3423; x_wconf 84' lang='grc' dir='ltr'><strong><em>Σκηνὰς</em></strong></span> 
     </span>
     <span class='ocr_line' id='line_1_34' title="bbox 231 3420 1476 3494; baseline 0.003 -18"><span class='ocrx_word' id='word_1_271' title='bbox 231 3423 498 3492; x_wconf 77' lang='grc' dir='ltr'><strong><em>καταλαμβακουσας</em></strong></span> <span class='ocrx_word' id='word_1_272' title='bbox 518 3421 668 3492; x_wconf 84' lang='lat' dir='ltr'><strong>inscripsit,</strong></span> <span class='ocrx_word' id='word_1_273' title='bbox 700 3420 730 3472; x_wconf 91' lang='lat' dir='ltr'><strong>in</strong></span> <span class='ocrx_word' id='word_1_274' title='bbox 752 3437 805 3488; x_wconf 84' lang='lat' dir='ltr'><strong>qua</strong></span> <span class='ocrx_word' id='word_1_275' title='bbox 826 3421 929 3474; x_wconf 87' lang='lat' dir='ltr'><strong>videtur</strong></span> <span class='ocrx_word' id='word_1_276' title='bbox 949 3421 1064 3487; x_wconf 71' lang='lat' dir='ltr'><strong>ingenue</strong></span> <span class='ocrx_word' id='word_1_277' title='bbox 1085 3423 1219 3494; x_wconf 84' lang='lat' dir='ltr'><strong>professus</strong></span> <span class='ocrx_word' id='word_1_278' title='bbox 1243 3441 1316 3492; x_wconf 87' lang='lat' dir='ltr'><strong>esse,</strong></span> <span class='ocrx_word' id='word_1_279' title='bbox 1339 3441 1393 3494; x_wconf 82' lang='lat' dir='ltr'><strong>quo</strong></span> <span class='ocrx_word' id='word_1_280' title='bbox 1473 3444 1476 3448; x_wconf 92' lang='lat'>·</span> 
     </span>
     <span class='ocr_line' id='line_1_35' title="bbox 231 3487 1394 3567; baseline 0.001 -22"><span class='ocrx_word' id='word_1_281' title='bbox 231 3497 302 3546; x_wconf 85' lang='lat' dir='ltr'><strong>esset</strong></span> <span class='ocrx_word' id='word_1_282' title='bbox 318 3491 436 3567; x_wconf 64' lang='lat' dir='ltr'><strong>ingenio:</strong></span> <span class='ocrx_word' id='word_1_283' title='bbox 463 3507 588 3560; x_wconf 87' lang='lat' dir='ltr'><strong>quorsum</strong></span> <span class='ocrx_word' id='word_1_284' title='bbox 611 3489 725 3560; x_wconf 86' lang='lat' dir='ltr'><strong>pertinet</strong></span> <span class='ocrx_word' id='word_1_285' title='bbox 740 3489 787 3542; x_wconf 74' lang='lat' dir='ltr'><strong>rr.</strong></span> <span class='ocrx_word' id='word_1_286' title='bbox 806 3490 829 3554; x_wconf 88' lang='lat' dir='ltr'><strong>l,</strong></span> <span class='ocrx_word' id='word_1_287' title='bbox 846 3487 943 3559; x_wconf 89' lang='lat' dir='ltr'><strong>inquo</strong></span> <span class='ocrx_word' id='word_1_288' title='bbox 962 3491 1065 3544; x_wconf 85' lang='lat' dir='ltr'><strong>Cratini</strong></span> <span class='ocrx_word' id='word_1_289' title='bbox 1085 3493 1227 3562; x_wconf 85' lang='lat' dir='ltr'><strong>respiciens</strong></span> <span class='ocrx_word' id='word_1_290' title='bbox 1249 3491 1394 3562; x_wconf 85' lang='lat' dir='ltr'><strong>reprehen-</strong></span> 
     </span>
     <span class='ocr_line' id='line_1_36' title="bbox 231 3555 1394 3638; baseline 0.001 -24"><span class='ocrx_word' id='word_1_291' title='bbox 231 3561 349 3626; x_wconf 84' lang='lat' dir='ltr'><strong>sionem,</strong></span> <span class='ocrx_word' id='word_1_292' title='bbox 365 3576 410 3628; x_wconf 72' lang='grc' dir='ltr'><strong><em>σοι</em></strong></span> <span class='ocrx_word' id='word_1_293' title='bbox 427 3559 501 3611; x_wconf 89' lang='lat' dir='ltr'><strong>illum</strong></span> <span class='ocrx_word' id='word_1_294' title='bbox 519 3558 621 3611; x_wconf 85' lang='lat' dir='ltr'><strong>dixer&#39;at&#39;</strong></span> <span class='ocrx_word' id='word_1_295' title='bbox 637 3557 671 3610; x_wconf 76' lang='lat' dir='ltr'><strong>ad</strong></span> <span class='ocrx_word' id='word_1_296' title='bbox 687 3555 821 3638; x_wconf 87' lang='lat' dir='ltr'><strong>Euripidis</strong></span> <span class='ocrx_word' id='word_1_297' title='bbox 838 3561 986 3629; x_wconf 88' lang='lat' dir='ltr'><strong>exemplum</strong></span> <span class='ocrx_word' id='word_1_298' title='bbox 1002 3575 1032 3612; x_wconf 84' lang='lat' dir='ltr'><strong>se</strong></span> <span class='ocrx_word' id='word_1_299' title='bbox 1048 3576 1081 3630; x_wconf 83' lang='lat' dir='ltr'><strong>ap</strong></span> <span class='ocrx_word' id='word_1_300' title='bbox 1100 3560 1193 3628; x_wconf 82' lang='lat' dir='ltr'><strong>heare,</strong></span> <span class='ocrx_word' id='word_1_301' title='bbox 1216 3577 1280 3626; x_wconf 83' lang='lat' dir='ltr'><strong>sane</strong></span> <span class='ocrx_word' id='word_1_302' title='bbox 1297 3577 1394 3615; x_wconf 87' lang='lat' dir='ltr'><strong>oonce-</strong></span> 
     </span>
     <span class='ocr_line' id='line_1_37' title="bbox 232 3625 1392 3698; baseline 0.002 -16"><span class='ocrx_word' id='word_1_303' title='bbox 232 3629 285 3695; x_wconf 89' lang='lat' dir='ltr'><strong>dit,</strong></span> <span class='ocrx_word' id='word_1_304' title='bbox 308 3643 338 3680; x_wconf 86' lang='lat' dir='ltr'><strong>se</strong></span> <span class='ocrx_word' id='word_1_305' title='bbox 361 3628 395 3680; x_wconf 81' lang='lat' dir='ltr'><strong>sd</strong></span> <span class='ocrx_word' id='word_1_306' title='bbox 420 3625 582 3680; x_wconf 84' lang='lat' dir='ltr'><strong>dialecticam</strong></span> <span class='ocrx_word' id='word_1_307' title='bbox 605 3626 699 3692; x_wconf 75' lang='lat' dir='ltr'><strong>tragici</strong></span> <span class='ocrx_word' id='word_1_308' title='bbox 721 3626 792 3679; x_wconf 82' lang='lat' dir='ltr'><strong>illuns</strong></span> <span class='ocrx_word' id='word_1_309' title='bbox 815 3631 898 3678; x_wconf 84' lang='lat' dir='ltr'><strong>artem</strong></span> <span class='ocrx_word' id='word_1_310' title='bbox 919 3643 1003 3698; x_wconf 90' lang='lat' dir='ltr'><strong>prope</strong></span> <span class='ocrx_word' id='word_1_311' title='bbox 1019 3644 1064 3682; x_wconf 86' lang='lat' dir='ltr'><strong>acc</strong></span> <span class='ocrx_word' id='word_1_312' title='bbox 1098 3645 1158 3698; x_wconf 86' lang='lat' dir='ltr'><strong>ere,</strong></span> <span class='ocrx_word' id='word_1_313' title='bbox 1179 3626 1287 3696; x_wconf 73' lang='lat' dir='ltr'><strong>ingenio</strong></span> <span class='ocrx_word' id='word_1_314' title='bbox 1303 3636 1392 3684; x_wconf 83' lang='lat' dir='ltr'><strong>autem</strong></span> 
     </span>
     <span class='ocr_line' id='line_1_38' title="bbox 224 3691 592 3765; baseline -0.016 -12"><span class='ocrx_word' id='word_1_315' title='bbox 224 3713 290 3752; x_wconf 79' lang='lat' dir='ltr'><strong>&#39;esse</strong></span> <span class='ocrx_word' id='word_1_316' title='bbox 305 3695 417 3749; x_wconf 71' lang='lat' dir='ltr'><strong>bonomo</strong></span> <span class='ocrx_word' id='word_1_317' title='bbox 434 3700 462 3748; x_wconf 90' lang='lat' dir='ltr'><strong>et</strong></span> <span class='ocrx_word' id='word_1_318' title='bbox 477 3691 592 3765; x_wconf 76' lang='lat' dir='ltr'><strong>probor’</strong></span> 
     </span>
    </p>

    <p class='ocr_par' dir='ltr' id='par_1_13' title="bbox 339 3757 1087 3833">
     <span class='ocr_line' id='line_1_39' title="bbox 339 3757 1087 3833; baseline 0 -19"><span class='ocrx_word' id='word_1_319' title='bbox 339 3763 458 3832; x_wconf 78' lang='grc' dir='ltr'><strong><em>Χρῶμαι</em></strong></span> <span class='ocrx_word' id='word_1_320' title='bbox 475 3757 508 3832; x_wconf 74' lang='grc' dir='ltr'><strong>γ’</strong></span> <span class='ocrx_word' id='word_1_321' title='bbox 546 3757 696 3824; x_wconf 75' lang='grc' dir='ltr'><strong><em>αὐτοῦτοῦ</em></strong></span> <span class='ocrx_word' id='word_1_322' title='bbox 712 3758 850 3831; x_wconf 82' lang='grc' dir='ltr'><strong><em>στόματος</em></strong></span> <span class='ocrx_word' id='word_1_323' title='bbox 865 3761 902 3826; x_wconf 73' lang='grc' dir='ltr'><strong>τῷ</strong></span> <span class='ocrx_word' id='word_1_324' title='bbox 918 3761 1087 3833; x_wconf 70' lang='grc' dir='ltr'><strong><em>στρογγύλῳ,</em></strong></span> 
     </span>
    </p>

    <p class='ocr_par' dir='ltr' id='par_1_14' title="bbox 230 3815 1391 4184">
     <span class='ocr_line' id='line_1_40' title="bbox 334 3815 1037 3912; baseline 0.001 -29"><span class='ocrx_word' id='word_1_325' title='bbox 334 3826 406 3890; x_wconf 76' lang='grc' dir='ltr'><strong><em>Τοὺς</em></strong></span> <span class='ocrx_word' id='word_1_326' title='bbox 422 3831 487 3889; x_wconf 83' lang='grc' dir='ltr'><strong><em>νοῦς</em></strong></span> <span class='ocrx_word' id='word_1_327' title='bbox 546 3825 697 3912; x_wconf 75' lang='grc' dir='ltr'><strong><em>ἆηοραίους</em></strong></span> <span class='ocrx_word' id='word_1_328' title='bbox 712 3815 793 3895; x_wconf 81' lang='grc' dir='ltr'><strong><em>ἦττον</em></strong></span> <span class='ocrx_word' id='word_1_329' title='bbox 809 3825 941 3895; x_wconf 72' lang='grc' dir='ltr'><strong><em>η’κεῖνος</em></strong></span> <span class='ocrx_word' id='word_1_330' title='bbox 957 3832 1037 3885; x_wconf 74' lang='grc' dir='ltr'><strong><em>ποιῶ.</em></strong></span> 
     </span>
     <span class='ocr_line' id='line_1_41' title="bbox 230 3897 1391 3984; baseline 0.003 -32"><span class='ocrx_word' id='word_1_331' title='bbox 230 3899 324 3954; x_wconf 87' lang='lat' dir='ltr'><strong>deinde</strong></span> <span class='ocrx_word' id='word_1_332' title='bbox 345 3915 409 3954; x_wconf 79' lang='lat' dir='ltr'><strong>vero</strong></span> <span class='ocrx_word' id='word_1_333' title='bbox 424 3899 528 3952; x_wconf 84' lang='lat' dir='ltr'><strong>videtur</strong></span> <span class='ocrx_word' id='word_1_334' title='bbox 548 3912 662 3954; x_wconf 77' lang='lat' dir='ltr'><strong>comum</strong></span> <span class='ocrx_word' id='word_1_335' title='bbox 684 3897 844 3964; x_wconf 82' lang='lat' dir='ltr'><strong>ostendisse,</strong></span> <span class='ocrx_word' id='word_1_336' title='bbox 867 3901 967 3952; x_wconf 87' lang='lat' dir='ltr'><strong>nullum</strong></span> <span class='ocrx_word' id='word_1_337' title='bbox 991 3901 1099 3954; x_wconf 91' lang='lat' dir='ltr'><strong>omnino</strong></span> <span class='ocrx_word' id='word_1_338' title='bbox 1121 3917 1180 3955; x_wconf 88' lang='lat' dir='ltr'><strong>esse</strong></span> <span class='ocrx_word' id='word_1_339' title='bbox 1193 3905 1320 3983; x_wconf 67' lang='lat' dir='ltr'><strong>‘poetsm,</strong></span> <span class='ocrx_word' id='word_1_340' title='bbox 1344 3900 1391 3984; x_wconf 82' lang='lat' dir='ltr'><strong>poi</strong></span> 
     </span>
     <span class='ocr_line' id='line_1_42' title="bbox 231 3967 1390 4048; baseline 0.003 -28"><span class='ocrx_word' id='word_1_341' title='bbox 231 3967 351 4048; x_wconf 67' lang='lat' dir='ltr'><strong>neniis,</strong></span> <span class='ocrx_word' id='word_1_342' title='bbox 384 3983 452 4036; x_wconf 81' lang='lat' dir='ltr'><strong>qnae</strong></span> <span class='ocrx_word' id='word_1_343' title='bbox 476 3967 663 4036; x_wconf 81' lang='lat' dir='ltr'><strong>priores.bene</strong></span> <span class='ocrx_word' id='word_1_344' title='bbox 679 3972 707 4022; x_wconf 83' lang='lat' dir='ltr'><strong>ot</strong></span> <span class='ocrx_word' id='word_1_345' title='bbox 723 3967 865 4024; x_wconf 72' lang='lat' dir='ltr'><strong>commode,</strong></span> <span class='ocrx_word' id='word_1_346' title='bbox 882 3967 1044 4036; x_wconf 77' lang='lat' dir='ltr'><strong>invenerint,</strong></span> <span class='ocrx_word' id='word_1_347' title='bbox 1067 3975 1172 4037; x_wconf 76' lang='lat' dir='ltr'><strong>ututur,</strong></span> <span class='ocrx_word' id='word_1_348' title='bbox 1204 3971 1285 4039; x_wconf 76' lang='lat' dir='ltr'><strong>idque</strong></span> <span class='ocrx_word' id='word_1_349' title='bbox 1304 3971 1390 4041; x_wconf 78' lang='lat' dir='ltr'><strong>ipnur</strong></span> 
     </span>
     <span class='ocr_line' id='line_1_43' title="bbox 230 4035 1135 4184; baseline -0.008 -30"><span class='ocrx_word' id='word_1_350' title='bbox 230 4037 364 4154; x_wconf 46' lang='lat' dir='ltr'><strong>Emplllld</strong></span> <span class='ocrx_word' id='word_1_351' title='bbox 374 4035 653 4174; x_wconf 50' lang='lat' dir='ltr'><strong>dlhudpllqodbblll‘bbc</strong></span> <span class='ocrx_word' id='word_1_352' title='bbox 668 4067 716 4156; x_wconf 76' lang='lat' dir='ltr'><strong>edri</strong></span> <span class='ocrx_word' id='word_1_353' title='bbox 731 4103 820 4172; x_wconf 76' lang='grc' dir='ltr'><strong><em>μέλιτι</em></strong></span> <span class='ocrx_word' id='word_1_354' title='bbox 836 4104 1018 4184; x_wconf 70' lang='grc' dir='ltr'><strong><em>κεχρισμένου</em></strong></span> <span class='ocrx_word' id='word_1_355' title='bbox 1132 4138 1135 4147; x_wconf 88' lang='grc'><strong>.</strong></span> 
     </span>
    </p>

    <p class='ocr_par' dir='ltr' id='par_1_15' title="bbox 227 4163 1389 4447">
     <span class='ocr_line' id='line_1_44' title="bbox 325 4163 1308 4242; baseline 0.004 -22"><span class='ocrx_word' id='word_1_356' title='bbox 325 4163 432 4242; x_wconf 78' lang='grc' dir='ltr'><strong><em>Ὥσπερ</em></strong></span> <span class='ocrx_word' id='word_1_357' title='bbox 449 4171 582 4238; x_wconf 69' lang='grc' dir='ltr'><strong><em>καδίσκου</em></strong></span> <span class='ocrx_word' id='word_1_358' title='bbox 604 4170 752 4241; x_wconf 61' lang='lat' dir='ltr'><strong>acediam</strong></span> <span class='ocrx_word' id='word_1_359' title='bbox 770 4165 800 4223; x_wconf 86' lang='grc' dir='ltr'><strong>τὸ</strong></span> <span class='ocrx_word' id='word_1_360' title='bbox 817 4183 930 4242; x_wconf 83' lang='grc' dir='ltr'><strong><em>στομα.’</em></strong></span> <span class='ocrx_word' id='word_1_361' title='bbox 1305 4222 1308 4234; x_wconf 76' lang='grc'><strong><em>,</em></strong></span> 
     </span>
     <span class='ocr_line' id='line_1_45' title="bbox 227 4237 1389 4310; baseline 0.004 -18"><span class='ocrx_word' id='word_1_362' title='bbox 227 4237 286 4292; x_wconf 82' lang='lat' dir='ltr'><strong>Hos</strong></span> <span class='ocrx_word' id='word_1_363' title='bbox 303 4237 372 4290; x_wconf 88' lang='lat' dir='ltr'><strong>enim</strong></span> <span class='ocrx_word' id='word_1_364' title='bbox 391 4255 498 4306; x_wconf 86' lang='lat' dir='ltr'><strong>versus,</strong></span> <span class='ocrx_word' id='word_1_365' title='bbox 513 4237 567 4310; x_wconf 69' lang='lat' dir='ltr'><strong>&#39;qui</strong></span> <span class='ocrx_word' id='word_1_366' title='bbox 583 4243 707 4307; x_wconf 79' lang='lat' dir='ltr'><strong>leguntur</strong></span> <span class='ocrx_word' id='word_1_367' title='bbox 728 4238 786 4292; x_wconf 88' lang='lat' dir='ltr'><strong>sine</strong></span> <span class='ocrx_word' id='word_1_368' title='bbox 806 4238 911 4293; x_wconf 76' lang='lat' dir='ltr'><strong>fabulae</strong></span> <span class='ocrx_word' id='word_1_369' title='bbox 927 4239 1033 4291; x_wconf 87' lang='lat' dir='ltr'><strong>nomine</strong></span> <span class='ocrx_word' id='word_1_370' title='bbox 1055 4239 1123 4308; x_wconf 81' lang='lat' dir='ltr'><strong>apud</strong></span> <span class='ocrx_word' id='word_1_371' title='bbox 1142 4241 1253 4301; x_wconf 83' lang='lat' dir='ltr'><strong>Dionem</strong></span> <span class='ocrx_word' id='word_1_372' title='bbox 1275 4244 1334 4299; x_wconf 80' lang='lat' dir='ltr'><strong>Lu.</strong></span> <span class='ocrx_word' id='word_1_373' title='bbox 1352 4240 1389 4299; x_wconf 82' lang='grc' dir='ltr'><strong>Τ.</strong></span> 
     </span>
     <span class='ocr_line' id='line_1_46' title="bbox 229 4304 1388 4380; baseline 0.005 -20"><span class='ocrx_word' id='word_1_374' title='bbox 229 4308 265 4366; x_wconf 79' lang='grc' dir='ltr'><strong>ΙΙ.</strong></span> <span class='ocrx_word' id='word_1_375' title='bbox 281 4323 308 4376; x_wconf 90' lang='lat' dir='ltr'><strong>p.</strong></span> <span class='ocrx_word' id='word_1_376' title='bbox 326 4304 377 4360; x_wconf 73' lang='lat'><strong>²73</strong></span> <span class='ocrx_word' id='word_1_377' title='bbox 399 4307 572 4375; x_wconf 71' lang='lat' dir='ltr'><strong>concine,</strong></span> <span class='ocrx_word' id='word_1_378' title='bbox 592 4307 647 4364; x_wconf 81' lang='lat' dir='ltr'><strong>illie</strong></span> <span class='ocrx_word' id='word_1_379' title='bbox 668 4305 796 4362; x_wconf 84' lang='lat' dir='ltr'><strong>acutiano</strong></span> <span class='ocrx_word' id='word_1_380' title='bbox 816 4307 1011 4374; x_wconf 78' lang='lat' dir='ltr'><strong>subiungendcs</strong></span> <span class='ocrx_word' id='word_1_381' title='bbox 1033 4320 1142 4366; x_wconf 71' lang='lat' dir='ltr'><strong>mese</strong></span> <span class='ocrx_word' id='word_1_382' title='bbox 1174 4312 1208 4364; x_wconf 74' lang='lat' dir='ltr'><strong>ecl</strong></span> <span class='ocrx_word' id='word_1_383' title='bbox 1229 4311 1388 4380; x_wconf 75' lang='lat' dir='ltr'><strong>Gerytsdem</strong></span> 
     </span>
     <span class='ocr_line' id='line_1_47' title="bbox 229 4374 1255 4447; baseline 0.01 -18"><span class='ocrx_word' id='word_1_384' title='bbox 229 4374 327 4430; x_wconf 76' lang='lat' dir='ltr'><strong>reterre</strong></span> <span class='ocrx_word' id='word_1_385' title='bbox 344 4374 427 4432; x_wconf 82' lang='lat' dir='ltr'><strong>voluit</strong></span> <span class='ocrx_word' id='word_1_386' title='bbox 443 4375 596 4432; x_wconf 84' lang='lat' dir='ltr'><strong>Dindorlius</strong></span> <span class='ocrx_word' id='word_1_387' title='bbox 612 4393 640 4447; x_wconf 86' lang='lat' dir='ltr'><strong>p.</strong></span> <span class='ocrx_word' id='word_1_388' title='bbox 657 4375 717 4432; x_wconf 79' lang='lat' dir='ltr'><strong>m.</strong></span> <span class='ocrx_word' id='word_1_389' title='bbox 754 4409 756 4416; x_wconf 69' lang='lat'><strong>,</strong></span> <span class='ocrx_word' id='word_1_390' title='bbox 782 4437 785 4446; x_wconf 57' lang='grc'><strong><em>,</em></strong></span> <span class='ocrx_word' id='word_1_391' title='bbox 882 4414 885 4423; x_wconf 83' lang='lat'>·</span> <span class='ocrx_word' id='word_1_392' title='bbox 1253 4401 1255 4411; x_wconf 93' lang='lat'>·</span> 
     </span>
    </p>
   </div>
   <div class='ocr_carea' id='block_1_7' title="bbox 0 0 1552 5062">
    <p class='ocr_par' dir='ltr' id='par_1_16' title="bbox 0 0 1552 5062">
     <span class='ocr_line' id='line_1_48' title="bbox 0 0 1552 5062; baseline 0 4"><span class='ocrx_word' id='word_1_393' title='bbox 0 0 1552 5062; x_wconf 95' lang='lat' dir='ltr'><strong> </strong></span> 
     </span>
    </p>
   </div>
  </div>
 </body>
</html>
