3042 5070
236 339 280 406 24
455 383 458 390 ·
576 415 577 418 Ἴ
617 333 1021 410 COMMENTATIONES

316 500 597 588 ὩςΠανελλήνων
618 503 700 586 ditor
720 509 763 584 eh,-
786 502 894 574 Θάσον
914 508 1115 597 συνέδραμεν.

202 667 204 674 ,
236 591 279 660 Et
298 593 342 657 sic
363 593 451 658 etiam
471 592 595 658 Pindar.
615 591 722 658 Isthm.
739 591 781 658 ΙΙ.
801 595 860 658 38:
926 667 931 676 ,

317 676 536 764 Ἶπποτροφίας
556 701 587 742 τε
609 678 738 776 νομίζων
758 679 791 742 έν
810 675 1019 744 Πανελλάνων
1039 675 1124 768 νόμῳ

237 769 269 829 et
287 761 548 911 ΗΙίλάνζλλάνεσσι
570 842 603 908 d'
629 841 793 930 ἐριζόμενοι
815 844 940 938 δαπάνα
957 848 1200 934 χαΐρονιίππων.

236 930 403 999 Admodum
423 951 509 1013 raro,
531 928 608 1016 quod
634 931 739 1014 sciam,
766 931 913 1080 qedestms
936 934 1079 999 orationis
1101 935 1262 1023 scriptores
1285 955 1411 1026 usurpa·

236 1023 356 1098 veruut3
392 1017 436 1082 ita
461 1015 617 1080 Phaedrus
639 1016 773 1104 philosop
795 1039 829 1080 us
850 1017 1015 1106 Epicureos
1037 1041 1066 1108 p.
1087 1021 1139 1084 22.
1162 1020 1209 1085 ed.
1242 1020 1408 1086 Petersenz

233 1097 538 1166 Ἔπιιλεικνάσθωσαν
565 1109 629 1176 τοῖς
655 1105 778 1177 πολλοῖς
811 1101 863 1165 ἵνα
894 1099 990 1184 μόνον
1022 1105 1157 1188 λέγοντες
1188 1101 1326 1186 ἅπαντα,
1370 1105 1410 1171 οὐ

236 1183 383 1264 πολλούς,
417 1185 489 1250 οὐδὲ
510 1181 640 1262 πάντας,
674 1182 765 1262 ὅσους
785 1183 805 1269 ἡ
827 1186 913 1270 κοινὴ
941 1187 1029 1274 φήμη
1052 1187 1283 1276 παραδέδωκεν,
1321 1187 1412 1274 ἡμῶν

235 1273 273 1420 qd
296 1267 394 1379 μόνον
420 1268 512 1348 ὅσους
545 1295 641 1358 φασιν
675 1271 705 1336 oi
729 1271 940 1356 Πανέλληνες,
983 1273 1062 1338 ἀλλὰ
1090 1277 1141 1338 καὶ
1168 1277 1307 1353 πλείονας
1333 1273 1413 1342 εἶναι

255 1381 391 1422 τουτων.
1146 1390 1152 1398 -
1509 1421 1510 1430 ,

268 1381 287 1443 y
319 1441 383 1512 Vix
407 1439 502 1528 igitur
528 1439 636 1528 negari
661 1440 785 1529 poterit,
813 1437 968 1508 Cratinum
990 1441 1028 1508 ad
1047 1443 1223 1511 Archilochi
1243 1445 1412 1536 exemplum

235 1549 269 1593 se
290 1527 536 1592 conformavisser
580 1525 741 1590 cavendum
769 1532 868 1590 amen
894 1533 959 1610 est,
990 1549 1030 1593 ne
1057 1529 1114 1593 huc
1134 1531 1299 1612 referatur,
1332 1531 1413 1616 quod

234 1612 348 1701 legitur
373 1613 407 1678 in
427 1609 596 1677 Scholiasta
615 1610 747 1675 Luciaui
768 1610 805 1675 ad
826 1611 1035 1677 Alexandrum
1057 1635 1082 1678 c.
1104 1613 1134 1679 4.
1155 1615 1188 1678 in
1210 1615 1273 1681 cod.
1294 1614 1414 1684 Vindo-

234 1698 316 1780 hon.‚
337 1696 413 1784 quod
434 1696 526 1760 edidit
546 1695 694 1761 Schuhart
713 1695 747 1760 in
768 1695 1002 1762 Zimmermanui
1023 1699 1130 1763 Diario
1152 1699 1237 1766 1834
1258 1721 1287 1790 p.
1310 1699 1411 1766 1134:

231 1779 326 1868 Ὑπὲρ
348 1780 420 1858 τοὺς
439 1781 627 1865 Κέρκωπας·
662 1770 747 1845 οὗτοι
770 1783 802 1844 ἓν
823 1783 959 1870 Βοιωτία
981 1783 1146 1868 διέτριβον,
1184 1787 1336 1867 ollulam
1358 1784 1413 1850 όν-

234 1893 283 1944 τες
303 1868 400 1953 γένος·
422 1863 535 1942 σόλλος
555 1869 606 1929 καὶ
627 1867 793 1952 τρίβαλλος
814 1865 1045 1948 ὀνομαζόμενοι,
1080 1871 1215 1957 ἐπίορκοι
1237 1873 1288 1934 καὶ
1310 1869 1411 1956 ἀργοί,

235 1950 277 2030 ὡς
298 1957 467 2039 Κρατῖνος,
484 1951 661 2036 Ἀρχίλοχος
681 1954 732 2014 καί
754 1947 905 2032 Διότιμος

319 2036 425 2102 σόλλοι
447 2061 479 2101 τι
500 2038 663 2118 τριβαλλοί
681 2061 713 2100 τε
736 2032 791 2100 odo
812 2038 1038 2118 βαρυδαίμονος
1059 2034 1177 2122 ἄνδρες.

234 2121 430 2190 Memorabile
457 2143 530 2186 sane
558 2128 608 2186 est·
627 2121 677 2184 hic
704 2141 816 2207 quoque
844 2120 998 2186 Cratinum
1026 2145 1091 2188 cum
1116 2123 1297 2189 Archilocho
1320 2147 1412 2215 copu-

234 2208 305 2291 lari,
334 2209 517 2274 sed'vereor
537 2227 576 2270 ne
596 2205 628 2270 id
649 2207 790 2271 hocloco
811 2227 870 2270 non
893 2207 971 2272 satis
988 2216 1068 2272 recte
1089 2209 1129 2275 sit
1149 2209 1274 2273 factum:
1302 2211 1410 2278 mirum

235 2295 313 2358 euim
340 2300 386 2358 est
410 2291 621 2356 Archilochum
659 2297 775 2378 poetam
808 2291 1041 2378 antiquissimum
1068 2293 1195 2358 medium
1226 2295 1305 2359 iuter
1332 2294 1409 2362 Cra-

234 2379 326 2444 tinum
348 2377 487 2442 comicum
510 2383 540 2440 et
566 2375 727 2440 Diotimum
749 2376 862 2464 epicum
883 2383 915 2442 ut
936 2377 1052 2442 videtur
1072 2385 1187 2466 poetam
1208 2381 1282 2444 satis
1304 2403 1411 2446 recen-

234 2469 292 2528 tem
314 2464 350 2527 ab
372 2465 533 2550 interprete
553 2459 684 2526 Luciaoi
710 2463 944 2526 commemorari:
989 2463 1138 2528 Diotimus
1166 2465 1245 2529 enim
1266 2466 1332 2530 sinc
1354 2467 1412 2531 du-

233 2549 282 2613 hio
309 2549 336 2612 is
364 2554 425 2628 est,
457 2547 538 2610 cuius
560 2545 738 2610 Heracleam
766 2545 939 2612 Athenaeus
961 2546 1045 2612 Xlll.
1072 2571 1100 2636 p.
1123 2550 1195 2614 601.
1218 2550 1258 2613 D.
1282 2572 1412 2616 comme·

234 2641 342 2700 morata
387 2627 537 2711 Διότιμος
564 2629 594 2694 d'
624 2631 657 2694 lo
678 2636 715 2717 τῇ
731 2626 899 2715 Ἡρακλεία
920 2631 1087 2718 Εὐρυσθέα
1108 2637 1202 2718 φησὶν
1218 2631 1413 2718 Ἡρακλέους

232 2718 375 2802 γενέσθαι
397 2713 537 2794 παιδικά,
571 2711 676 2798 όιόπερ
698 2718 748 2778 καὶ
770 2716 842 2792 τοὺς
863 2697 982 2793 όίθλους
1004 2715 1173 2799 ὑπομεῖναι.
1216 2719 1315 2805 Atque
1337 2743 1412 2787 oon-

231 2804 366 2869 sumatur
386 2803 442 2867 hoc
463 2822 517 2883 eo,
550 2801 626 2886 quod
653 2799 761 2865 Suidas
788 2801 829 2866 Τ.
851 2802 875 2868 1.
889 2825 925 2892 p.
947 2804 1020 2868 908.
1043 2805 1191 2868 commode
1211 2826 1252 2868 ex
1273 2805 1410 2873 Diotimo

233 2891 366 2953 servavit
385 2907 492 2952 versus
514 2895 591 2969 mea,
626 2887 760 2972 quicum
783 2887 838 2952 hoc
859 2888 1006 2952 versiculo
1028 2896 1099 2952 sunt
1119 2891 1326 2977 componendi:
1361 2893 1410 2958 di·

232 2975 273 3040 cit
293 2975 387 3038 enim:
431 2969 628 3055 Εὐρύβατος,
657 2967 804 3053 πονηρός·
829 3009 874 3023 -
901 2973 931 3036 oi
957 2973 990 3036 δὲ
1015 2970 1068 3037 τὸν
1089 2973 1245 3060 Κέρκωπιι
1267 2974 1320 3038 τὸν
1341 2977 1409 3042 ἕτε-

233 3080 304 3146 ρον·
325 3053 476 3138 Διότιμος
492 3053 680 3138 Ἡρακλέους
707 3055 832 3132 ἄθλοις·
853 3115 854 3122 ,
987 3054 1025 3095 ’“

317 3142 483 3228 Κέρκωπές
508 3141 545 3205 θ’
576 3141 611 3206 ol*
637 3140 812 3250 (sic'legas
844 3161 899 3232 pro
929 3141 997 3225 τοι)
1031 3141 1130 3206 πολλὰ
1157 3142 1236 3208 κατὰ
1261 3140 1408 3226 τριόδους

367 3249 369 3256 ·
638 3248 799 3302 πατεοντες

318 3315 464 3376 Βοιωτῶν
484 3309 616 3375 σίνοντο·
642 3312 727 3395 γένος
748 3309 778 3374 d’
803 3308 877 3375 ἴσον
901 3311 1071 3392 Οἷχαλιῆες,

319 3398 404 3474 Ωλος
424 3421 442 3462 τ
476 3393 658 3480 Ευρυβατός
677 3421 726 3480 τε,
749 3392 814 3460 dolor
834 3398 1060 3478 βαρυδαίμονες
1081 3393 1199 3483 ι’ίνιλρις.

317 3482 497 3568 Quamquam
518 3489 614 3546 autem
636 3502 676 3545 ex
696 3481 743 3544 his
765 3481 858 3545 trihus
888 3481 960 3545 locis
982 3503 1077 3568 neque
1098 3483 1214 3568 quando
1235 3505 1330 3569 neque
1352 3486 1405 3553 ubi

232 3569 344 3634 vixerit
363 3567 511 3632 Diotimus
533 3567 635 3653 colligi
656 3567 716 3629 ullo
738 3573 821 3654 pacto
843 3571 954 3654 potest,
988 3573 1087 3632 tamen
1119 3569 1157 3632 ad
1185 3569 1328 3634 seriorem
1351 3594 1405 3636 ae·

233 3661 321 3718 tatem
347 3653 522 3730 referendus
550 3673 617 3716 esse
644 3651 767 3714 videtur.
810 3649 954 3736 Equidem
981 3652 1069 3716 credo
1097 3675 1163 3717 eum
1184 3675 1305 3718 numero
1327 3656 1405 3721 Ale·

153 3807 160 3822 s
232 3739 444 3803 maudrinorum
465 3745 616 3822 poetarum
636 3735 827 3800 inserendum
854 3757 938 3818 esse,
969 3737 999 3800 id
1022 3737 1098 3821 quod
1118 3739 1183 3802 iure
1205 3739 1276 3803 mihi
1298 3741 1404 3808 videor

233 3825 374 3912 colligere
396 3845 435 3889 ex
455 3821 602 3888 Macrobii
627 3821 727 3883 verbis
749 3819 787 3889 V.
809 3824 866 3887 20:
908 3823 1014 3885 Arare·
1042 3831 1142 3885 eriam
1165 3829 1288 3900 sertor
1314 3831 1404 3892 liber

233 3915 375 3994 elegeon,
403 3917 443 3972 ι’νι
465 3932 528 3991 qno
551 3912 592 3970 de
613 3909 762 3968 Diotimo
783 3911 926 3990 ριιοάαυι
944 3923 1047 3989 poeta
1067 3917 1118 3972 stc
1138 3917 1205 3974 att:

316 3991 425 4071 Αῗόζω
446 3988 611 4071 Διότιμον,
634 3985 668 4064 ὃς
688 3990 720 4054 έν
742 3990 867 4077 πέτρῃσι
888 3988 1024 4075 κάθηται

385 4083 416 4142 Γ
415 4076 571 4164 αργαρέων
592 4076 697 4138 παισίν
717 4081 799 4156 βῆτα
822 4079 872 4140 καὶ
894 4075 981 4164 ἄλφα
1002 4077 1104 4162 λέγων.

233 4186 307 4252 qnae
333 4165 421 4254 plane
449 4163 554 4227 cadere
579 4161 716 4230 videntur
740 4163 774 4227 in
799 4163 877 4227 hunc
898 4163 1068 4228 Diotimum.
1110 4161 1217 4226 Fuerit
1236 4163 1330 4264 igitur
1351 4187 1401 4230 ae-

233 4251 327 4336 qualis
355 4247 454 4330 Arati,
495 4249 611 4312 uicum
637 4248 741 4335 poesin
768 4249 926 4336 attigisset,
948 4269 1029 4314 more
1048 4248 1134 4314 istius
1152 4247 1263 4312 saeculi
1284 4250 1401 4315 videtur

232 4336 399 4422 fabularum
419 4333 455 4398 de
477 4269 609 4399 llercule
629 4333 735 4420 ubique
761 4333 961 4422 dispersarum
989 4333 1141 4421 ingentem
1172 4332 1232 4398 vim
1253 4341 1283 4398 et
1304 4336 1402 4400 varie·

233 4427 322 4486 tatem
353 4420 386 4487 io
413 4440 502 4488 uuum
528 4419 688 4508 collegisse
714 4427 745 4485 et
770 4439 897 4508 magnae
918 4418 1068 4512 doctrinae
1089 4417 1173 4508 copia
1191 4418 1399 4488 illustravissc.
