3042 5070
257 323 286 450 c
551 313 554 316 ¹
641 367 1047 444 comtmrnnronns
1093 367 1096 371 ·

255 540 412 610 Platonius
437 537 477 608 de
501 537 673 606 diversitate
692 538 725 604 iu
748 537 809 604 cuii
828 539 909 607 inter
928 539 1077 630 principes
1097 536 1266 604 comoediae
1286 527 1426 686 antiopae

255 649 286 718 p.
305 627 345 694 X.
366 629 418 694 10.
436 625 485 691 col.
506 623 646 690 Diutlorl.
674 625 706 708 (1
774 626 786 707 )
807 626 964 705 Κρατῖνος
985 621 1002 690 ὃ
1024 630 1079 709 τῆς
1100 629 1235 700 παλαιᾶς
1260 647 1354 709 κωμῳ
1375 623 1427 698 ίας

256 707 399 796 ποιητής,
432 708 485 776 άτε
506 709 545 794 δή
567 707 722 786 κατὰτὰς
737 706 915 796 Ἀρχιλόχου
941 705 1077 794 ζητήσεις
1102 709 1256 792 αὐστηρός
1280 709 1337 790 μὲν
1356 715 1427 782 ταῖς

255 799 423 883 λοιδορίαις
443 796 539 872 ἐστίν,
568 794 605 860 οὔ
625 794 685 880 γάρ
707 791 808 880 ὥσπερ
830 790 1088 882 όἍριστοφάνης
1108 794 1271 881 ἐπιτρέχειν
1291 791 1347 876 τήν
1365 787 1428 874 χά·

278 909 305 946 ιν
324 891 388 958 τοίς
408 877 572 962 σκώμμασι
593 889 686 958 ποιεῖ,
718 877 754 944 τὸ
775 879 923 966 φορτικὸν
942 885 997 962 τῆς
1017 877 1216 962 ἐπιτιμήσεως
1237 878 1288 942 διὰ
1308 877 1428 960 ταύτης

256 973 413 1052 αναιρῶν,“
436 965 504 1030 ἀλλ’
530 961 635 1040 ἁπλῶς
662 965 713 1028 καί
739 963 818 1028 κατιλ
843 963 900 1047 τήν
928 966 1096 1050 παροιμίαν
1121 970 1220 1052 γυμνῇ
1246 967 1285 1050 τῇ
1305 967 1428 1048 κεφαλῇ

254 1055 362 1136 τίθησι
374 1050 430 1128 τὰς
449 1051 652 1134 βλασφημίας
662 1047 740 1114 κατὰ
762 1054 824 1114 τῶν
844 1045 1092 1136 ἁμαρτανόντων.
1122 1049 1166 1115 At
1186 1071 1260 1136 quac
1282 1049 1318 1113 ab
1339 1048 1428 1112 initio

255 1137 411 1226 legamtur,
443 1135 600 1200 manifesto
622 1137 691 1200 sunt
710 1141 860 1224 corrupta:
903 1156 999 1222 neque
1019 1141 1116 1226 potest
1134 1135 1257 1225 probari
1275 1132 1429 1199 Meinekii

255 1224 424 1288 coniectura
451 1219 506 1294 ou.
535 1218 584 1284 Sc.
612 1217 664 1310 Sp.
691 1219 716 1284 I.
737 1241 767 1310 p.
790 1223 840 1306 eo.
869 1219 948 1286 κατὰ
969 1219 1025 1296 τὰς
1039 1219 1242 1306 Ἀριστάρχου
1264 1219 1328 1300 ζητ.
1349 1239 1429 1318 puae

254 1307 287 1373 id
311 1309 423 1396 ipsum,
466 1305 587 1390 dequo
615 1304 728 1393 agitur,
773 1304 907 1370 funditus
934 1305 1024 1372 tollit:
1065 1306 1217 1392 aliquanto
1242 1303 1428 1394 probabilius

254 1389 498 1459 Hemsterhusius
519 1391 571 1454 καί
591 1387 708 1454 τάτοῦ
728 1387 909 1474 Ἀρχιλόχου
937 1385 1091 1472 ζηλόσαςι
1127 1391 1181 1458 sed
1200 1391 1330 1456 fortasse
1351 1389 1429 1454 scri-

253 1477 403 1542 bendumt.
419 1471 471 1540 άτε
493 1473 531 1556 δὴ
553 1473 633 1538 κατὰ
653 1471 709 1551 τός
723 1471 904 1560 Ἀρχιλόχου
926 1473 1145 1560 εἰσηγήσεις
1164 1476 1195 1540 h.
1208 1497 1235 1540 e.
1247 1481 1430 1538 οοοιιαάιιια
1508 1503 1509 1530 ι

248 1575 436 1650 praecepta
462 1559 671 1635 Archilochi,
714 1574 849 1624 ιοουτυε
870 1568 1110 1626 auctoritatem
1129 1559 1341 1636 Archilochi,
1375 1566 1430 1624 ant

254 1645 310 1723 τὰς
324 1639 503 1730 Ἀρχιλόχου
525 1641 721 1728 ζηλώσεις.

340 1731 581 1796 Testauturvero
589 1729 677 1796 etiam
686 1729 770 1818 ipsae
781 1729 940 1795 carminum
951 1729 1106 1816 reliquiae,
1120 1731 1247 1796 maxime
1255 1728 1427 1811 illafabula,

254 1837 329 1902 quae
358 1817 395 1880 ab
426 1816 491 1904 ipso
516 1817 572 1880 hoc
597 1815 699 1880 Pario·
717 1820 804 1903 poeta
829 1835 937 1880 nomen
963 1817 1069 1898 traxit,
1097 1815 1279 1903 Ἀρχιλοχοι.
1321 1812 1428 1903 Angu-

253 1905 382 1966 mentum
408 1901 523 1985 quidem
552 1906 582 1964 et
607 1899 761 1966 consilium
787 1898 875 1964 huius
902 1901 1022 1966 fabulae
1049 1901 1126 1986 quod
1151 1901 1244 1967 fuerit
1271 1921 1364 1987 aegre
1385 1920 1429 1964 ex

252 1985 354 2074 paucis
374 1984 469 2070 iisque
490 1985 622 2050 obscuris
643 1985 776 2071 reliquiis
798 1984 960 2074 expedias:
994 1992 1025 2050 et
1052 1985 1102 2050 vel
1128 1986 1225 2076 ipsum
1246 2005 1355 2050 nomen
1376 2005 1428 2049 co-

251 2069 386 2136 moediae
412 2068 481 2154 quid
508 2069 672 2156 significet,
705 2069 817 2156 ambigi
843 2076 950 2158 potest.
993 2068 1234 2136 Consentaneum
1260 2076 1356 2134 autem
1378 2077 1429 2134 est

252 2176 405 2220 numerum
425 2153 569 2243 pluralem
589 2153 638 2217 hic
658 2174 771 2238 quoque
792 2160 825 2218 ut
852 2154 926 2220 alias
947 2154 1013 2219 fere
1034 2177 1167 2245 semper,
1205 2155 1334 2220 achoro
1355 2176 1427 2220 esse

251 2238 459 2329 repetendum,
493 2239 536 2302 ita
556 2242 589 2300 ut
608 2245 695 2326 poeta
715 2239 931 2326 significaverit
950 2239 1084 2306 homines
1106 2239 1280 2308 Archilochi
1301 2239 1426 2306 similes.

250 2322 309 2390 Est
335 2331 432 2388 autem
461 2322 517 2386 hoc
544 2321 660 2387 dicendi
687 2345 783 2410 genus
814 2345 854 2389 ex
880 2325 1015 2414 vulgaris
1043 2327 1190 2392 sermonis
1211 2323 1425 2390 consuetudine

271 2410 373 2474 etitum
409 2414 439 2472 et
475 2407 512 2472 ob
544 2407 576 2472 id
608 2407 704 2494 ipsum
739 2409 907 2476 comoediae
944 2411 1127 2500 potissimum
1168 2409 1426 2476 accommodatum.

249 2430 297 2560 lta
333 2492 466 2582 Gorgiae
507 2498 538 2558 ct
572 2489 706 2583 Philippi
743 2493 863 2560 nomine
901 2515 974 2562 usus
1013 2501 1060 2562 cst
1091 2495 1310 2586 Aristophanes
1342 2491 1425 2562 Aw.

250 2599 280 2645 v.
307 2578 408 2646 1701:

334 2667 368 2728 Γ
365 2662 462 2750 ορχίαι
482 2663 587 2728 τεκαὶ
611 2661 759 2728 Φίλιπποι

334 2747 430 2813 Κᾶπὸ
451 2752 513 2812 τῶν
533 2743 795 2832 ἐγγλωττογαστό-

333 2835 404 2901 Ρων
424 2832 542 2896 ἐκείνων
563 2839 626 2896 τῶν
648 2834 810 2899 Φιλίππων

333 2920 505 3000 Πανταχοό
527 2921 583 3000 τῆς
597 2915 736 3002 Ἀττικῆς
755 2915 776 3004 ή

334 3005 464 3068 Γλῶττα
483 3005 579 3090 χωρίς
598 3004 748 3086 τέμνεται.

249 3087 299 3154 ubi
320 3088 544 3170 calumniatores
574 3089 739 3180 improbos,
776 3089 825 3176 qui
847 3113 866 3156 a
887 3089 1026 3181 'Gorgiae
1052 3097 1082 3158 et
1107 3091 1240 3195 Philippi
1266 3089 1422 3180 disciplina

268 3173 374 3238 refecti
400 3196 517 3240 cansam
543 3176 685 3264 potiorem
712 3175 876 3242 reddebant
901 3177 1090 3260 inferiorem,
1133 3201 1192 3243 exa
1226 3185 1290 3244 tare
1317 3177 1421 3242 voluit·

125 3331 126 3334 χ
248 3196 318 3325 blan
339 3259 452 3348 dispari
472 3259 588 3325 ratione
608 3259 826 3350 Aristophanes
852 3261 885 3326 in
905 3260 1038 3330 Acbarn.
1059 3283 1088 3330 v.
1109 3265 1175 3332 269
1217 3263 1285 3328 ‘'t:

331 3339 533 3430 Πραγμάτων
552 3368 586 3408 τε
606 3347 657 3408 καί
677 3351 787 3428 μαχῶν
1128 3367 1131 3371 ’

333 3432 398 3494 Καί
418 3425 585 3512 Λαμάχων
607 3427 803 3516 ἀπαλλαγείς.

248 3511 318 3580 Huc
338 3515 413 3586 adde
433 3514 565 3580 eiusdem
585 3514 704 3580 fabulae
723 3536 753 3582 v.
776 3515 874 3580 1071:

328 3597 378 3662 Ἰὼ
399 3597 485 3664 πόνοι
506 3602 611 3667 τεᾉκαλ
632 3595 730 3684 μάχαι
752 3601 803 3664 καὶ
823 3597 989 3682 Λάμαχοι.
1251 3636 1253 3646 ‚

248 3681 309 3833 apid
325 3683 458 3836 λοωὶῚοίοίρ
491 3685 625 3752 bellicosi
649 3685 689 3752 ad
716 3685 883 3776 exemplum
909 3685 1057 3752 Lamachi
1077 3692 1227 3755 notantur.
1274 3683 1421 3752 Similiter

248 3789 369 3832 11.v.
460 3792 468 3833 ι

328 3850 421 3920 Ἀλλά
441 3849 661 3920 κατεπάλαισεν
680 3851 719 3918 δν
737 3855 795 3938 μὲν
815 3859 938 3942 πρῶτον
957 3850 1124 3933 Εὐάθλους
1144 3855 1227 3922 δίκα.

247 3937 383 4092 ήοθριῖοοί
400 3940 590 4006 causidicos.
613 3946 750 4006 versutos
783 3947 814 4008 et
843 3939 1057 4008 fraudulentos.
1110 3940 1153 4008 Et
1176 3942 1210 4008 in
1239 3939 1358 4008 Eccles.
1390 3961 1421 4010 v.

367 4105 453 4175 Ὥσά
477 4113 504 4174 εἰ
524 4105 754 4193 καταστήσεσθε
774 4104 861 4176 τόνδε
880 4108 934 4176 τόν
954 4105 1069 4192 τρόπον

376 4194 444 4280 Τήν
463 4201 520 4281 γῆν
540 4192 664 4264 ἅπασαν
688 4192 865 4262 Οἰδιπόδων
886 4195 1064 4280 ἐμπλήσετε.

245 4279 311 4347 Nec
332 4279 462 4371 disparia
482 4301 604 4370 prorsus
626 4288 711 4364 sunt,
736 4303 813 4368 quae
832 4281 973 4372 leguntur
993 4283 1026 4346 in
1046 4279 1144 4346 Ranis
1172 4301 1202 4347 v.
1223 4280 1301 4348 928:
1333 4275 1423 4346 Σκά·

246 4367 405 4451 μανδροι,-
422 4365 499 4432 963:
527 4365 649 4439 Κόκνοι
669 4368 721 4433 καί
742 4367 924 4448 Μίμνονες,
952 4366 1030 4432 99οε
1052 4361 1277 4447 Μαμμάκυθοι
1298 4372 1330 4432 et
1349 4369 1422 4432 Με-

247 4450 380 4533 λητίδαι.
417 4449 526 4540 Elpxit
544 4451 680 4529 ¹fortasse
706 4452 763 4520 boc
780 4473 881 4543 genus
901 4449 1059 4520 ueruto
1081 4449 1213 4542 Gorgia,
1252 4451 1301 4544 qui
1327 4450 1423 4544 pluri·
