3042 5070
360 298 419 364 ns
440 297 584 375 namu.
607 298 794 368 corrono.
816 302 924 374 auu.
942 290 1089 382 unum.
1267 314 1310 376 37

124 463 555 618 Ii‘oiii‘i‘iiioriiaiiiim
575 466 830 620 titiittbt’
886 491 923 537 ⁰⁰
947 471 1208 624 i¹¹·¹'⁰¹i·i¹¹⁸i¹¹i·
1221 497 1307 626 p...

124 574 297 718 utpvidatur,
318 637 425 702 ritibus
446 643 477 702 et
497 601 732 703 soiemnitatibus
753 639 816 704 usi:
851 556 1024 706 narbrbihiir
1042 579 1156 710 ibitiii
1176 583 1305 712 iiiuiibi

123 723 211 787 chori
238 722 428 786 mittebantur
458 721 679 798 seduloedocti
706 729 736 788 et
763 724 889 812 egregio
917 723 1039 808 delecti,
1081 728 1141 793 vid.
1166 727 1305 820 Xenoph.

120 806 315 872 Memorabil.
334 807 391 872 III.
413 808 452 888 ³,
475 807 536 872 122
582 798 626 870 ’H
651 801 720 870 τόδε
749 809 806 873 οδκ
834 805 1056 892 ἐντεθύμησαι,
1094 807 1138 890 ὡς
1169 812 1244 879 ὅταν
1271 840 1304 901 γε

120 889 219 978 χορὸς
245 886 287 968 εἷς
314 893 348 956 ἔκ
373 896 430 972 τῆς
450 885 567 966 πόλεως
590 891 743 974 γίγνηται,
782 889 883 978 ὥσπερ
906 890 922 958 ὃ
945 896 987 968 εἰς
1013 895 1121 978 Δῆλον
1147 895 1304 981 πεμπόμε-

119 975 336 1145 cont
353 971 691 1144 i..totactuo
716 971 1304 1148 oecumenem.nu

118 1147 173 1214 vit.
194 1146 302 1212 Niciae
323 1168 349 1211 c.
370 1123 432 1225 δι’
462 1150 535 1210 Τῶν
564 1143 623 1229 γάρ
647 1125 767 1231 popei,
811 1145 866 1224 οὓς
892 1147 926 1212 αἱ
946 1145 1048 1226 πόλεις
1069 1148 1204 1233 ἔπεμπον
1225 1154 1303 1220 ἀσο-

117 1231 233 1315 μένσυς
252 1236 297 1319 τῷ
317 1236 400 1318 θεῷ,
436 1226 670 1316 προσπλεόντων
694 1231 767 1312 μέν,
803 1227 846 1310 ὡς
875 1230 993 1315 ἔτυχεν,
1030 1229 1128 1312 εάθάς
1149 1235 1182 1301 δ’
1207 1219 1301 1320 όχλου

118 1315 198 1404 πρδς
218 1313 275 1400 τὴν
295 1319 373 1380 ναῦν
392 1313 605 1394 ἀπαντῶντος,
627 1313 711 1404 ᾄδειν
731 1316 935 1400 κελευομένων
956 1315 1027 1384 κατ’
1052 1317 1163 1386 οάδένα
1184 1319 1302 1405 κόσμον

118 1438 160 1452 -
191 1399 287 1477 αάτδς
312 1400 369 1484 μέν
400 1403 443 1478 εἰς
466 1396 603 1482 Ῥηνείαν
630 1399 733 1484 ἀπέβη
759 1399 813 1468 τδν
836 1401 933 1488 χορδν
957 1399 1035 1484 έχων
1061 1407 1113 1470 καὶ
1134 1405 1174 1472 τά
1196 1407 1300 1492 ἱερεῖα.

118 1492 148 1552 et
169 1507 247 1573 quae
269 1491 447 1572 sequuntur,
473 1487 525 1552 ubi
546 1493 682 1552 accurate
702 1507 836 1577 pompam
858 1487 1009 1554 describit.
1050 1489 1140 1557 Adde
1161 1491 1300 1584 Inscript.

119 1570 164 1638 Co
203 1571 411 1638 .1.n.158:
464 1572 521 1647 Είς
550 1569 680 1654 κομιδὴν
706 1576 768 1636 τῶν
794 1577 924 1660 θεωρῶν
949 1575 1000 1637 καλ
1026 1579 1088 1638 τῶν
1104 1582 1209 1660 χορῶν
1229 1578 1299 1644 ’Λν-

117 1681 170 1739 τιμ
192 1680 241 1742 χῳ
266 1651 549 1742 ΦίλωνοςἛρμείῳ
563 1651 741 1743 τριηράρχῳ
763 1655 834 1723 ΤΧ.
876 1657 918 1724 Et
940 1679 1010 1724 vero
1033 1657 1162 1726 Athenis
1185 1683 1298 1750 quoque

116 1743 280 1808 certamina
311 1743 424 1806 musica
446 1739 623 1828 Thargeliis
644 1741 888 1825 instituebantur,
910 1744 971 1810 vid.
992 1742 1126 1856 Antipho
1148 1747 1185 1812 de
1207 1749 1297 1816 caedo

116 1825 344 1892 choreuteass:
383 1824 511 1908 Ἐπειδὴ
532 1824 665 1911 χορηγός
686 1822 927 1910 κατεστάθηνεῖ
969 1827 1131 1914 Θαργηλια
1152 1835 1203 1894 καὶ
1224 1831 1298 1896 ἔλα-

111 1937 172 1994 χον
181 1911 372 1976 Παντακλέα
382 1905 570 1975 διδάσκαλον
590 1912 642 1976 καὶ
666 1913 844 1994 Κεκροπίδα
866 1853 968 1997 φυήν
989 1912 1066 1998 πρὸς
1087 1919 1124 1998 τῇ
1146 1915 1294 2002 ἐμαυτοῦ,

115 1999 169 2078 ίχο
190 1993 285 2082 η’γονν
314 1991 357 2072 ὡς
384 1993 510 2080 ἄρισται
554 1995 657 2080 quiin
685 1997 875 2081 sequentibus
903 2003 1038 2062 accurate
1060 1999 1216 2087 explanat,
1238 2023 1295 2088 quo

115 2023 203 2147 morio
217 2082 338 2146 chorum
350 2101 509 2170 puerorum
530 2079 723 2146 erudiendum
744 2081 901 2147 curaverit.
943 2079 1033 2146 Adde
1059 2081 1188 2170 Lysiam
1209 2085 1294 2153 Orat.

112 2166 200 2234 XXI.
229 2167 264 2231 1:
302 2164 382 2250 Ἐγα)
416 2163 475 2250 γάρ
510 2161 722 2248 ἐδοκιμάσθην
750 2165 807 2246 μέν
837 2167 887 2230 ent
915 2162 1103 2246 Θεοπόμπου
1135 2167 1292 2253 άρχοντος,

113 2249 273 2328 καταστάς
300 2251 334 2315 δέ
360 2249 494 2334 χορηγός
514 2251 686 2359 τραγῳδοῖς
707 2249 852 2333 ἀνήλωσα
873 2247 1038 2336 τριάκοντα
1058 2258 1139 2332 μνᾶς
1158 2258 1209 2318 καὶ
1230 2262 1294 2336 τρί.

112 2361 157 2425 τῳ
188 2338 264 2420 μηνλ
297 2337 485 2421 Θαργηλίοις
515 2360 640 2416 νικησας
674 2333 732 2400 ἀνδ
753 2341 809 2426 rap?
838 2341 924 2426 χορῷ
957 2337 1108 2418 δισχιλίας
1138 2339 1292 2422 δραχμάς.

111 2422 273 2511 Inscriptio
295 2421 372 2510 apud
392 2419 527 2485 Boeckh.
550 2418 641 2510 Colp.
663 2419 705 2486 Τ.
726 2361 752 2486 Ιρ
773 2443 802 2510 p.
822 2420 902 2487 343:
948 2419 1128 2508 Ἕδοξεντῇ
1150 2426 1291 2492 Πανδιο-

110 2509 172 2572 νίδι
194 2509 294 2594 φυλῇ,
322 2502 541 2588 Καλλικράτης
561 2501 654 2582 εἶπεν,
692 2507 848 2570 ἐπαινέσαι
869 2506 984 2571 Νικίαν
1000 2505 1180 2592 Ἐπιγένους
1201 2513 1290 2576 Κυδ-

111 2597 254 2675 αθηναιᾶ
280 2589 495 2676 ἀνδραγαθίας
523 2592 608 2655 ἕνεκα
634 2595 691 2671 τῆς
711 2593 753 2667 εἰς
780 2589 837 2674 τὴν
863 2589 979 2676 φυλήν,
1017 2589 1063 2656 ὅτι
1085 2583 1119 2656 aio
1139 2595 1190 2658 καὶ
1212 2622 1290 2681 προ-

110 2673 225 2760 θόμως
245 2672 428 2760 ἐχορήγησεν
453 2676 540 2739 παισὶ
567 2677 618 2740 καλ
639 2676 722 2741 ἐνίκα
744 2671 896 2740 Διονόσια
917 2679 967 2740 καλ
992 2674 1153 2760 Θαργήλια
1174 2677 1297 2766 ἄνδρά.

110 2787 160 2828 σιν
180 2764 231 2826 καί
254 2765 449 2846 στεφανῶσαι
470 2757 574 2824 αότόν*
595 2758 775 2846 ἀναγράψαι
797 2761 831 2826 δέ
852 2762 902 2826 καὶ
925 2761 1007 2836 εἴτις
1028 2760 1120 2838 ἀλλος
1140 2766 1288 2848 νενίκηκεν

111 2846 168 2912 ἀπ’
192 2844 361 2910 Εὐκλείδου
389 2844 538 2927 ἀρχοντος
563 2848 669 2909 παισὶν
688 2843 708 2926 ἢ
730 2843 878 2928 ἀνδράσιν
897 2843 1050 2910 Διονόσια
1070 2844 1090 2927 ἢ
1114 2847 1286 2932 Θαργήλια,

110 2929 133 3034 I.
150 2928 328 3033 ῌρομήθια
349 2927 584 3032 ἢἩφαίστιιι.Ι
608 2929 825 3080 Etlpmetcrea
845 2929 903 2996 huc
919 2932 1048 3018 pertinet
1068 2933 1145 3016 quod
1167 2933 1203 2997 de
1224 2933 1287 2999 Eu-

109 3019 206 3166 Epo.
241 3014 673 3185 tiabitffltfttsstit..
693 3015 1285 3185 iibttttttttiittt.t.tit

104 3184 253 3271 Ἀθήνησι
280 3196 345 3262 τοῖς
369 3184 532 3273 ὀρχησταῖς
560 3185 773 3267 καλουμένοις·
802 3183 957 3272 ὠρχοῦντο
980 3184 1011 3250 δ’
1037 3176 1120 3250 οὗτοι
1142 3191 1209 3272 περὶ
1230 3188 1284 3254 τόν

108 3278 163 3337 τοῦ
194 3269 384 3348 ’Λπόλλωνος
411 3270 486 3335 νειόν
512 3276 567 3334 τοῦ
594 3272 733 3354 Δηλίου,
768 3275 830 3334 τῶν
851 3265 980 3355 πριόνων
1002 3267 1083 3347 όντες
1108 3269 1283 3358 Ἀθηναίων
1326 3329 1330 3335 ,

108 3360 159 3422 καὶ
181 3353 366 3422 κατεδόοντο
388 3351 495 3437 ἱμάτια
516 3361 578 3420 τῶν
602 3357 781 3442 Θηραϊκῶν·
810 3351 826 3420 ὅ
849 3357 882 3420 δέ
900 3351 1057 3422 Ἀπόλλων
1079 3346 1169 3433 οὗτός
1190 3360 1281 3438 ἐστιν,

108 3433 134 3530 ᾧ
159 3441 200 3506 τά
229 3437 390 3526 Θαργήλια
418 3439 526 3524 ἄγουσι
555 3442 607 3505 καὶ
634 3437 813 3521 διασώζεται
838 3443 977 3525 Φλυῆσιν
997 3443 1030 3506 ἐν
1050 3447 1094 3529 τῷ
1116 3444 1282 3530 δαφνηφο-

109 3528 177 3616 ρείῳ
197 3527 304 3614 γραφὴ
326 3528 393 3610 περὶ
415 3521 542 3591 τοότων.

189 3694 303 3762 Sacrae
332 3717 473 3784 pompae,
505 3717 570 3760 cum
596 3696 722 3784 primum
743 3695 782 3764 ol
832 3715 861 3782 p.
887 3688 1090 3763 LXXXVIII.
1117 3696 1148 3760 3.
1169 3694 1279 3760 Delum

108 3783 285 3863 mitteretur,
319 3781 383 3866 quis
410 3781 574 3870 praefuerit
600 3781 716 3861 nescio,
753 3781 872 3868 Oymp.
898 3779 1071 3844 LXXXIX.
1092 3781 1123 3846 3.
1144 3801 1208 3842 cum
1230 3802 1278 3844 se·

110 3869 230 3934 cundum
250 3867 415 3932 instaurata
436 3872 531 3950 esset,
566 3866 696 3931 fortasse
718 3864 831 3930 Callias
853 3863 915 3953 Hip
936 3864 1014 3928 onici
1035 3863 1113 3928 filius
1134 3865 1213 3928 sacri
1233 3864 1277 3929 Ic-

107 3955 167 4040 gati
193 3973 315 4017 munere
336 3951 455 4016 Iunctus
482 3957 548 4016 est:
592 3958 671 4015 certe
697 3951 730 4016 in
757 3947 882 4038 Corpor.
909 3886 1004 4016 Iirscr.
1030 3947 1071 4013 Τ.
1093 3949 1118 4014 I.
1145 3972 1175 4014 n.
1204 3949 1275 4016 159.

106 4043 367 4103 commemorantur
399 4037 522 4102 donaria
550 4033 680 4101 Calliae:
729 4035 905 4117 Στλεγγίδις
937 4034 1090 4114 ίπίτηκτσι
1124 4035 1156 4098 ἐν
1183 4029 1274 4120 ξύλῳ,

105 4120 139 4198 ἀς
165 4123 308 4197 Καλλίας
329 4118 502 4186 Ἱππονίκου
525 4117 705 4202 Ἀθηναῖος
738 4117 904 4202 ἀνέθηκενε
948 4125 1109 4202 δορυσσόον
1137 4121 1274 4184 contiuuo

103 4207 189 4273 baec:
234 4209 409 4292 Στλεγγίδες
430 4207 583 4290 ίπίτηκτοι
605 4207 637 4272 έν
658 4201 754 4292 ξόλῳ,
776 4201 814 4281 ἀς
834 4203 946 4278 Νικίας
966 4200 1146 4286 Νικηράτου
1165 4203 1275 4286 Ἀθη-

104 4302 186 4368 ναῖος
208 4289 358 4374 ἀνέθηκεν
378 4295 408 4355 Γ
406 4295 458 4356 III
474 4295 524 4356 καλ
546 4289 698 4376 στέφανος
716 4294 861 4375 χρυσοῦς.
903 4288 1019 4353 Niciam
1041 4296 1137 4354 autem
1154 4289 1272 4378 Olymp.

103 4376 175 4463 XC,
195 4379 228 4446 3.
253 4377 311 4444 hoo
334 4378 449 4450 honore
477 4377 610 4448 sunctum
635 4397 705 4446 esse
730 4383 812 4444 recte
832 4373 949 4442 videtur
966 4371 1141 4442 Boeckbius
1160 4373 1272 4440 Oecon.
