3042 5070
318 329 379 398 DE
400 325 544 406 RELlll.
562 323 751 394 COMOED.
771 321 880 392 m.
900 323 1046 400 ANTIQ·
1227 325 1269 394 li

175 503 219 569 Et
239 500 275 568 δδ
294 504 386 567 τοῦτο
406 499 676 603 καταφηθεΐσθον,
697 491 742 578 μή
762 518 809 572 τις
829 492 953 576 uptote
975 500 1075 582 προσῇ
1114 539 1118 548 -
1152 523 1155 528 ·

179 592 258 664 Τοῖς
278 584 493 668 θεωμένοισιν,
515 608 558 657 ως
578 580 618 646 τδ
1202 579 1210 598 ⁸

175 671 295 741 Λεπτδ
313 671 358 756 μὴ
380 675 492 756 γνῶναι
513 665 676 752 λεγόντοιν,
762 673 764 679 ’

176 759 294 844 Μηδὲν
316 758 477 843 ὀρρωδεῖτε
496 754 600 820 τοῦθ’·
621 747 664 830 ὡς
690 747 748 814 oriz
768 747 817 816 ἔθ’
839 745 920 814 οὕτω
940 751 1027 814 ταῦτ’
1049 748 1118 832 έχει.

172 843 436 931 Ἔστρατευμένοι
456 836 515 926 γάρ
538 841 604 918 tior,

176 932 310 1010 Βιβλίαν
330 931 357 994 τ’
379 928 457 1012 ’έχων
479 925 607 1000 ἕκαστος
627 916 781 1005 μανθάνει
800 919 841 986 rh
861 915 956 999 δεξιοί,

177 1016 227 1082 At
249 1012 358 1102 φύσεις
378 1017 406 1080 τ’
429 1013 530 1091 ἄλλως
551 1005 723 1099 κράτισται,
791 1013 793 1018 ’
1088 1014 1093 1024 ’

176 1107 249 1168 Νῦν
271 1101 305 1165 δὲ
326 1102 380 1165 καλ
400 1096 640 1184 παρηκόνηνται·

179 1187 294 1296 Μηδὲν
315 1177 370 1250 οὗν
391 1188 544 1270 δείσητον,
573 1179 651 1249 ἀλλὰ

182 1274 279 1336 Ποντ’
301 1270 454 1350 ἐπέξιτον,
476 1275 600 1336 θεατῶν
619 1272 648 1355 γ’
672 1259 769 1350 οὕνεχ’
791 1257 835 1341 ὥς
856 1259 953 1328 ὄντων
973 1267 1090 1350 σοφῶν.

92 1356 164 1423 seu
184 1365 217 1422 ut
233 1357 270 1422 ad
292 1356 448 1424 Cratinum
469 1358 633 1422 orationem
653 1354 808 1434 reducam,
847 1355 981 1416 extremo
1002 1371 1092 1414 versu
1113 1348 1170 1419 hoc
1190 1347 1274 1416 uile·

98 1452 151 1508 tur
170 1443 350 1530 significari,
371 1443 513 1508 delectari
533 1441 736 1508 Athenienses
756 1437 835 1504 ludis
858 1435 995 1518 scenicis,
1017 1435 1159 1500 delectari
1180 1437 1274 1501 moxi·

97 1551 147 1594 me
169 1528 326 1617 applausus
349 1525 522 1678 applausum
544 1527 623 1592 enim
644 1526 677 1590 in
698 1525 813 1588 theatro
835 1521 945 1588 editum
965 1528 1053 1586 vocat
1079 1522 1185 1608 ἰκρίων
1209 1517 1274 1604 po·

94 1638 201 1700 φησιν.
236 1611 336 1696 ’lupae
385 1635 420 1678 oc
440 1613 505 1678 loco
526 1634 587 1677 non
608 1617 678 1676 sunt
703 1609 834 1675 tabulata
858 1608 927 1689 illa,
966 1627 1041 1692 quae
1061 1605 1132 1672 olim
1152 1606 1186 1672 in
1206 1607 1274 1672 foro

91 1698 285 1772 tumultuaria
317 1719 408 1787 opera
440 1699 685 1778 exstruebantur,
729 1695 845 1782 quando
879 1693 941 1760 ludi
973 1691 1145 1764 celebrandi
1177 1699 1273 1778 erant,

91 1784 171 1870 qnod
194 1783 281 1848 docet
299 1790 421 1873 praeter
440 1784 515 1850 alios
535 1782 663 1848 Photius
684 1803 713 1870 p.
737 1781 810 1862 too,
831 1782 868 1844 3:
896 1776 1005 1864 Ἲκρια·
1027 1777 1067 1842 τδι
1087 1780 1178 1864 ἒν-τῇ
1200 1779 1275 1863 ἀχο-

91 1876 149 1956 ρᾶ,
179 1865 236 1956 ἀφ’
259 1859 303 1934 ὧν
324 1870 456 1936 ἐθεῶντο
485 1867 558 1944 τοὺς
579 1865 806 1940 Διονυσιακοὺς
827 1863 948 1948 ἀγῶνας
969 1865 1041 1948 πρὶν
1062 1857 1081 1944 ἢ
1104 1888 1275 1935 κατασκευ-

92 1933 233 2037 αδθῆναι
255 1951 291 2018 τδ
320 1951 352 2018 έν
377 1949 496 2020 Λιονδσ
551 1952 704 2033 θίατρονι
747 1949 796 2018 hio
829 1949 907 2016 onim
935 1970 999 2014 mos
1037 1943 1155 2030 Cratini
1176 1957 1273 2036 optate

93 2041 152 2108 iam
174 2039 382 2122 obsoleverat,
415 2039 484 2104 vile
498 1977 713 2104 ilermannum
734 2036 767 2102 in
789 2031 897 2126 Opusc.
919 2031 1073 2122 T.11.p.
1097 2033 1171 2102 151.
1212 2033 1275 2121 Soti

95 2125 178 2210 ἴκρια
206 2123 332 2190 Cratino
360 2131 430 2190 suut
454 2123 541 2190 sedes
572 2123 666 2214 ipsius
693 2119 817 2202 theatri,
860 2119 980 2206 antiqua
1013 2119 1209 2270 appellatione
1241 2119 1275 2186 in

98 2231 251 2276 commune
271 2231 424 2291 sermone,
458 2216 491 2274 ut
511 2215 741 2280 consentaneum
764 2211 825 2288 cst,
860 2210 989 2272 servata.

94 2295 259 2385 stephanos
281 2294 313 2358 in
338 2287 660 2382 Thesmophoriazusis
681 2313 710 2356 v.
731 2291 810 2358 39⁵:

173 2377 265 2443 Ὣστ’
288 2377 384 2454 εὐθὺς
405 2377 556 2464 εἰσιόντες.
573 2377 633 2442 ἀπὸ
655 2382 717 2442 τῶν
738 2376 843 2464 ίκρίων

176 2457 405 2546 Ὕποβλέτιουσ’
427 2460 519 2558 ἡμᾶς.
1028 2521 1030 2526 .

93 2551 146 2616 ubi
167 2551 317 2640 interpres
337 2549 518 2631 Ravennas3
557 2543 614 2624 Ὡς
639 2545 682 2612 ἔτι
704 2545 808 2634 ἰκρίων
829 2543 925 2613 ὅντων
952 2545 984 2614 ἔν
1011 2551 1055 2636 τῷ
1077 2551 1203 2636 θεστρῷ
1224 2549 1276 2612 καλ

95 2639 129 2701 έν
173 2645 244 2711 ταῖς
287 2637 460 2718 ἐκκλησίαις
506 2635 554 2699 tal
578 2631 690 2710 ,ξύλων
728 2633 929 2716 καθημένων·
980 2639 1051 2720 πρὶν
1083 2634 1141 2720 γὰρ
1187 2633 1275 2718 γένη-

95 2747 148 2786 ται
184 2720 365 2806 (γενέσθαι)
397 2719 434 2784 τδ
468 2719 619 2803 θέατρον,
668 2715 745 2795 ξύλα
775 2719 937 2800 ἐδέσμευον
970 2724 1020 2784 καί
1055 2715 1154 2794 οὓτως,
1179 2717 1276 2783 ἐθεώ-

99 2829 184 2890 ρουν.
232 2805 275 2869 Et
302 2806 438 2870 similiter
463 2807 554 2868 utitur
581 2805 637 2868 hoc
665 2805 784 2868 nomine
812 2803 913 2870 Schol.
941 2805 978 2870 ad
1005 2805 1068 2875 Vos
1091 2854 1098 2872 .
1129 2826 1158 2868 v.
1183 2805 1275 2870 1189.

101 2913 242 2980 peruerse
263 2890 315 2955 illc
336 2891 452 3000 ‹puitlem
475 2891 553 2954 hunc
574 2889 669 2953 locum
689 2890 911 2976 interpretatusc,
929 2889 1049 2976 ’ίκρίαις
1069 2827 1104 2954 δέ
1118 2893 1276 2975 θεωροῦν-

104 2999 153 3052 τες
171 2975 243 3052 τοδς
265 2973 321 3040 δύο
343 2974 475 3056 οβολοδς
496 2983 642 3057 παρεῖχον
661 2983 725 3048 τοῖς
747 2973 966 3058 ἀρχιτέκτοσιν.

120 3093 123 3100 «
185 3061 249 3126 lam
271 3061 392 3126 sinatis
414 3067 493 3124 recte
516 3061 621 3141 statui,
650 3057 804 3124 Cratinum
825 3059 858 3123 in
877 3061 934 3124 hac
954 3059 1056 3124 fabula
1076 3059 1168 3125 multo
1188 3059 1277 3126 otiam

98 3148 132 3212 in
160 3146 309 3212 sermonis
339 3145 572 3210 conformatione
601 3144 638 3210 ad
667 3143 842 3208 Archilochi
873 3146 1039 3234 exemplum
1066 3147 1276 3234 composuisse,

98 3254 161 3298 non
189 3232 377 3320 improbabili
411 3231 580 3295 coniectura
607 3229 738 3294 referam
765 3229 802 3294 ad
832 3227 950 3295 Cratini
970 3229 1166 3296 Archilochus
1188 3225 1276 3297 etium

98 3325 164 3383 tres
185 3317 255 3382 illos
276 3337 402 3397 versus,
435 3317 484 3402 qui
512 3337 607 3401 noque
634 3323 738 3402 poetae
764 3335 860 3400 nequo
881 3315 1001 3381 fabulae
1022 3317 1141 3381 nomine
1162 3317 1276 3382 adiecto

98 3411 223 3470 servata
256 3410 326 3466 sunt
353 3423 371 3465 ο
398 3401 559 3465 Plutarcho
596 3399 752 3488 Praecept.
782 3401 906 3488 reipubl.
935 3423 1000 3489 ger.
1027 3423 1052 3466 c.
1076 3403 1131 3467 15:
1178 3402 1278 3468 Οὐδέν

98 3481 157 3555 οὖν
178 3483 292 3554 τούτου
314 3485 565 3573 διαφέρουσινοῖ
585 3484 663 3571 πρὸς
684 3491 786 3548 πᾶσαν
807 3481 1011 3566 ἀποδυόμενοι
1032 3488 1189 3570 πολιτικὴν
1199 3493 1279 3574 πρᾶ-

100 3579 164 3653 ξιν,
210 3572 290 3636 ἀλλὰ
317 3577 440 3636 ποιοῦσι
466 3569 624 3652 μεμπτοιλς
652 3569 781 3646 ἑαυτοὺς
807 3580 871 3646 τοῖς
897 3575 1035 3649 πολλοῖς,
1078 3574 1224 3655 ἐπαχθεῖς
1245 3594 1278 3638 τε

98 3662 255 3745 γίγνονται
278 3660 329 3722 καλ
356 3661 582 3742 κατορθοῦντες
608 3657 790 3741 ἐπίφθονοι,
818 3653 876 3720 κᾶν
896 3663 1073 3742 σφαλῶσιν,
1108 3659 1277 3743 ἐπίχαρτοι,

98 3747 154 3810 καί
181 3744 218 3808 τὸ
246 3741 482 3824 θαυμαζόμενον
511 3742 614 3806 αὐτῶν
641 3743 675 3806 ἓν
699 3741 779 3828 ἀρχῇ
806 3747 861 3825 τῆς
882 3744 1051 3825 ἐπιμελείας
1078 3746 1120 3820 εἰς
1143 3749 1278 3828 χλευασ-

98 3829 164 3914 μδν
184 3826 351 3894 ὑπονοστεῖ
372 3831 422 3892 καὶ
450 3827 578 3912 γέλωτα·
620 3832 760 3892 τοιοῦτον

189 3915 354 3996 Μητίοχος
374 3912 431 3994 μὲν
450 3913 509 4000 γὰρ
530 3923 705 3998 στρατηγεῖ,
733 3912 896 3995 Μητίοχος
918 3913 952 3977 δέ
971 3911 1027 3989 τὰς
1048 3909 1151 3996 ὁδούς,

190 4001 355 4084 Μητίοχος
376 4001 405 4063 δ”
426 3995 541 4085 ἄρτους
561 4001 697 4088 ἓποπτᾷ,
723 3999 886 4081 Μητίοχος
907 3999 941 4062 δὲ
961 3997 1104 4085 τᾶλφιτα,

191 4087 356 4168 Μητίοχος
377 4085 411 4148 δὲ
431 4079 531 4149 πάντα
552 4094 645 4161 ποιεῖ,
669 4085 833 4168 Μητίοχος
854 4085 883 4148 δ’
906 4081 1076 4166 οδμολξιται.

101 4175 168 4237 τῶν
189 4171 377 4256 Περικλέους
398 4161 487 4246 οὗτος
508 4161 598 4253 eicio
619 4168 758 4257 ἑταίρων,
778 4175 816 4255 τῇ
838 4168 884 4234 δι’
907 4171 1035 4253 ἐκεῖνον,
1057 4167 1099 4246 ὡς
1115 4165 1201 4250 toene,
1224 4174 1279 4236 δυ.

102 4254 196 4338 νάμτι
215 4253 372 4340 χρώμενος
393 4253 571 4406 ἐπιφθόνως
591 4259 643 4320 καλ
664 4252 853 4344 κατακόρως.
894 4255 1059 4320 Manifesta
1079 4263 1175 4322 autom
1195 4279 1280 4352 pror·

104 4363 160 4408 sus
186 4342 358 4408 imitationis
384 4339 448 4406 Arc
469 4341 641 4413 ilochiorum
669 4343 831 4410 carminum
859 4341 989 4429 vestigia
1015 4342 1048 4406 in
1074 4342 1122 4408 his
1142 4344 1279 4408 versibus

1062 2203 1182 2272 imiliter
1202 2203 1275 2272 An·-

105 4425 384 4518 deprehenderim
406 4447 561 4517 compares
579 4448 654 4514 quae
675 4449 715 4493 cx
735 4427 917 4494 Archilocho
938 4428 1070 4494 amauit
1089 4425 1280 4494 Heraclianus
1400 4475 1401 4480 η
