3096 5062
329 347 388 416 DE
409 348 552 426 anulo.
574 346 762 418 COMOED.
783 348 889 421 A'l'l’.
911 348 1057 426 Audio.
1211 351 1272 426 195

103 517 249 603 Κρονίων
280 519 331 582 καλ
364 515 418 582 διδ
449 513 539 582 ταῦτ’
574 511 739 602 ἀφειμένης
774 521 830 602 τῆς
854 521 981 600 βουλῆς.
1013 523 1043 583 et
1069 516 1169 602 Schol.
1203 521 1272 588 Ari·

104 605 202 694 steph.
222 601 301 668 Nuh.
322 624 351 668 v.
372 603 451 668 397:
475 600 581 667 Ἔστιν
602 601 636 666 δέ
657 597 778 683 Κρόνια
805 601 890 686 παρὰ
916 609 981 678 τοῖς
996 597 1140 685 Ἓλλησιν
1166 603 1272 691 έορτεί·

103 688 192 774 ἤγετο
215 687 249 751 δέ
270 685 493 768 δκατομβαιιδνι
513 686 596 770 μηνί·
639 685 765 751 Publice
791 692 889 752 umen
917 685 999 752 nulla
1019 687 1156 754 videntur
1181 692 1274 757 sac‘ri·

103 775 173 840 licia
194 772 325 839 Saturno
346 772 445 836 oblata
465 793 550 854 esse,
572 769 802 857 quandoquidem
824 767 856 835 in
878 771 961 838 titulo
983 771 1059 862 ap'ud
1078 770 1273 858 Boeclrhium,

125 859 156 923 ni
186 859 251 946 agit
271 857 309 922 de
334 856 509 939 dermatico,
532 855 623 944 Corp.
644 855 738 920 lnscr.
760 853 802 920 Τ.
824 855 849 920 Ι.
870 877 901 920 n.
924 857 986 922 157
1007 857 1144 936 nullafit
1165 861 1274 928 mentio

104 879 323 1010 Saturnalium:
357 941 401 1006 ihi
422 941 500 1006 enim
516 950 709 1004 recensentur
729 960 871 1026 quaenam
896 961 982 1005 sacra
1003 943 1120 1030 publiea
1133 943 1180 1010 im
1201 967 1275 1012 ensa

103 1049 208 1096 menso
230 1026 486 1092 Hecalomhaeono
512 1025 624 1090 fuerint
649 1025 810 1089 celebrata:
840 1023 907 1088 Ἐπί
929 1023 1142 1112 Νικοκράτους
1161 1055 1274 1115 αρχον.

104 1134 175 1188 τος·
199 1113 232 1177 έκ
253 1115 308 1193 τῆς
328 1111 442 1186 θυσίας
463 1115 501 1195 τῇ
518 1105 639 1196 Ἐίρηνη
662 1110 746 1194 παρὰ
767 1115 947 1193 στρατηγῶν
968 1145 1005 1160 ··-
1031 1113 1064 1176 ίκ
1085 1118 1141 1196 τῆς
1161 1116 1275 1194 θυσίας

104 1203 151 1288 τῷ
178 1193 316 1279 ’Άμμωνι
351 1193 436 1281 παρὰ
470 1199 649 1280 στρατηγῶν
676 1230 716 1243 -
753 1194 786 1258 έκ
811 1195 1047 1278 Παναθηναίων
1078 1195 1162 1283 παρά
1195 1200 1275 1284 λερο-

106 1287 205 1347 ποιῶν
234 1279 304 1346 κατ’
334 1273 481 1345 ἐνιαυτόν.
523 1278 616 1364 Atqui
649 1275 762 1346 Cronia
793 1285 862 1344 ante
890 1278 1103 1348 Panathenaea
1128 1281 1275 1350 celebrata

109 1375 189 1433 sunt
231 1364 378 1431 Sacellum
405 1364 535 1430 Saturno
568 1373 598 1428 et
624 1362 745 1444 Rheae,
776 1364 893 1429 unicum
919 1371 952 1428 ut
985 1365 1115 1448 videtur,
1145 1367 1274 1434 Athenis

107 1457 287 1518 exstructum
317 1449 412 1515 fuisse
443 1454 586 1514 memorat
604 1447 772 1514 Pausanias
792 1445 818 1514 Ι.
841 1449 892 1530 18,
913 1451 946 1532 7,
967 1471 1062 1537 neque
1082 1451 1138 1515 hoc
1158 1454 1275 1537 mirum,

106 1534 337 1623 qnandoquidem
349 1531 472 1600 Saturni
493 1533 587 1598 cultus
608 1533 637 1597 h.
657 1555 683 1598 e.
703 1533 803 1622 prisca
823 1533 932 1621 religio
952 1531 1034 1600 Iovis
1055 1537 1175 1604 numine
1195 1538 1225 1604 h.
1248 1561 1275 1605 e.

105 1621 219 1686 novitia
231 1619 380 1708 heligiono
399 1619 568 1708 plerumque
583 1618 747 1682 obscurata.
779 1615 830 1681 Ex
842 1617 890 1683 his
906 1619 1040 1686 omnibns
1056 1627 1152 1688 autem
1167 1643 1275 1689 aureae

106 1707 212 1772 aetatis
234 1703 403 1770 memoriam
425 1702 501 1792 apud
521 1701 722 1772 Athenienses
743 1723 856 1790 quoque
876 1703 968 1791 vulgo
989 1705 1123 1794 viguisse
1145 1715 1275 1796 apparet.

106 1789 170 1857 Sed
206 1811 268 1855 non
300 1789 394 1854 solum
426 1787 636 1852 existimabant
667 1785 736 1851 olim
769 1801 882 1878 tempus
910 1787 1021 1871 fuisse,
1054 1810 1110 1876 quo
1140 1791 1275 1859 hemines

106 1875 242 1942 omnihus
263 1875 352 1940 nehus
373 1871 501 1959 undique
523 1871 728 1954 affluentibus,
755 1869 857 1936 labore
878 1879 909 1937 et
927 1881 1021 1940 morte
1063 1874 1144 1940 rocnl
1164 1884 1277 1944 remota

105 1961 196 2026 vitam
229 1959 265 2024 de
289 1959 368 2024 erint
398 1955 615 2038 beatissimam,
658 1977 759 2020 verum
792 1956 880 2021 etiam
923 1893 1079 2043 aliquando
1119 1957 1202 2044 fore,
1244 1969 1277 2028 ut

106 2045 234 2195 ¹0²?th
251 1980 1276 2198 illidit,‘tlttt‘tttltltitttttltttttatlt

106 2215 219 2280 indicat
231 2150 462 2276 licisituuinem
486 2232 553 2275 esse
575 2217 605 2274 et
626 2146 775 2274 circuitui
790 2211 933 2296 quendam
954 2234 1053 2277 rernm
1074 2214 1213 2298 emnium,
1232 2217 1275 2283 ita

106 2307 141 2364 nt
161 2319 281 2363 aureum
311 2296 384 2362 illud
405 2295 571 2378 saeculum,
589 2363 593 2374 ,
612 2295 642 2359 h.
665 2317 691 2360 e.
712 2295 865 2384 pristinam
894 2292 1062 2362 felicitatem
1090 2309 1119 2362 et
1139 2301 1276 2390 pietatem
1371 2303 1374 2310 '

106 2384 273 2449 restitutum
294 2381 333 2445 iri
355 2389 469 2470 speret:
497 2402 565 2444 nam
585 2379 636 2444 uhi
656 2380 757 2446 ferreo
784 2401 818 2446 se
839 2381 941 2446 vivere
962 2390 1058 2448 aetate
1079 2385 1276 2472 conqueritur,

107 2469 150 2536 ihi
170 2488 244 2534 vero
266 2465 350 2550 dicit,
371 2488 399 2530 v:
423 2465 501 2530 172:

193 2551 323 2632 Μηκέτ’
347 2546 439 2616 ἔπειτ’
464 2547 596 2634 ὤφειλον
617 2547 675 2632 έγιδ
697 2547 859 2629 πέμπτοισι
879 2559 1022 2630 μετεῖναι,

188 2632 365 2720 Ἀνδράσιν,
387 2629 458 2700 ἀλλ’
482 2631 500 2716 ἢ
523 2629 642 2716 πρόσθε
663 2638 770 2698 θανεῖν
790 2631 810 2725 ἢ
832 2631 965 2698 έπειτα
986 2633 1177 2719 γενέσθαι.

109 2723 217 2789 exinde
239 2721 345 2786 deinde
367 2725 468 2808 poeta,
489 2717 539 2782 ubi
560 2719 616 2782 hoc
636 2717 783 2782 hominum
806 2718 902 2806 genus
921 2718 959 2784 ad
979 2739 1122 2786 summum
1143 2722 1276 2810 impieta·

109 2810 147 2876 tis
167 2805 322 2914 fastigium
336 2803 427 2870 fuerit
441 2814 584 2884 evectum,
604 2801 706 2866 divina
721 2800 848 2866 vindicta
864 2803 1045 2868 exstinctum
1055 2805 1275 2894 irinnguratnr.

193 2896 273 2965 Ζευς
295 2891 328 2954 δ’
353 2887 449 2954 ὀλέσει
470 2890 520 2950 καλ
542 2891 634 2950 τοῦτο
654 2885 739 2970 γένος
758 2883 901 2972 μερόπων
921 2884 1097 2976 ἀνθρώπων
1210 2959 1213 2968 t

193 2967 270 3042 Edt'
295 2971 334 3038 διν
353 2971 516 3058 γεινόμενοι
537 2967 776 3057 πολιοκρόταφοι
797 2972 973 3037 τελέθωσιν.

109 3062 202 3150 Atqui
223 3059 433 3128 existimabunt
454 3057 541 3122 etiam
563 3063 632 3121 tnnc
653 3077 713 3122 non
739 3055 858 3122 omnino
879 3057 1030 3124 interiisse
1050 3053 1170 3124 'auream
1196 3062 1276 3124 aela-

109 3157 184 3230 tem,
210 3145 264 3214 sed
285 3145 351 3210 loca
371 3141 514 3229 quaedum
535 3161 602 3222 esso
623 3141 724 3224 beata,
747 3141 852 3228 quihus
873 3141 1020 3209 Saturnus
1040 3149 1207 3234 praeesset:
1234 3143 1276 3210 ita

108 3235 174 3324 ipse
189 3230 352 3312 Hesiodus,
372 3227 423 3294 nbi
445 3227 482 3292 de
502 3227 621 3294 fortuna
642 3227 763 3295 heroum
783 3234 850 3318 post
870 3236 993 3294 mortem
1013 3227 1142 3316 loquitur
1161 3249 1190 3298 v.
1203 3227 1276 3312 tuo,

110 3339 163 3386 eos
184 3317 335 3382 beatorum
356 3312 470 3379 insulas
491 3311 622 3376 incolere
644 3309 728 3376 dicit:

197 3405 272 3478 Τοῖς
293 3399 327 3464 δέ
349 3397 410 3480 δίχ’
435 3394 610 3480 ἀνθρώπων
629 3398 735 3481 βίοτον
755 3397 806 3460 καί
828 3391 902 3480 ἤθε’
926 3393 1066 3476 όπάσσας

193 3485 272 3560 Ζεδς
285 3485 441 3568 Κρονίδης
462 3480 627 3546 κατένασσε
648 3477 748 3631 πατφρ
769 3481 801 3558 ές
821 3483 950 3568 πείρατα
966 3483 1073 3630 γαίης,

196 3575 305 3653 Τηλοῦ
327 3565 378 3634 ἀπ’
394 3563 571 3643 ἀθανάτων,
593 3575 690 3632 τοῖσιν
744 3562 832 3649 ρόνος
852 3567 964 3649 έμβασι
985 3563 1053 3632 εδει.

195 3655 266 3720 Καί
282 3679 329 3719 τοι
350 3652 407 3737 μέν
426 3651 562 3717 ναίουσιν
582 3649 698 3734 ἀκηδέα
719 3650 824 3736 θυμόν
844 3649 962 3736 ἔχοντες

191 3733 415 3825 Ἔνεμακάρων,
432 3733 551 3820 νήσοισι
572 3736 649 3820 παρ’
660 3735 813 3802 ,Ὠκεανόν
831 3737 1007 3846 ρίαθνδίνην

188 3823 312 3906 ”otum
332 3821 445 3910 ἥρωές,
465 3831 562 3886 τοῖσιν
581 3822 725 3905 μελιηδέα
745 3846 866 3908 καρπον

198 3913 277 3995 Τρίς
297 3907 378 3986 ἔτεος
398 3903 556 3972 θάλλοντα
578 3905 665 3992 φέρει
684 3909 823 3993 ζείδωρος
844 3935 863 3972 α
886 3932 974 3992 euno·

110 3997 211 4084 Atque
240 3993 342 4060 eodem
369 3992 454 4058 modo
475 3991 625 4056 Pindarus
646 3933 1022 4090 Olymp.11.1§hsnmma
1051 3983 1190 4054 felicitate
1211 3985 1276 4054 ani·

111 4103 177 4148 unos
197 4087 376 4146 mortuorum
397 4077 451 4142 suh
474 4075 596 4142 Saturni
616 4059 738 4166 imperio
758 4077 827 4160 frui,
839 4081 952 4144 monet:

189 4157 280 4230 Ὅσοι
302 4161 332 4225 δ’
357 4160 529 4242 έτόλμασαν
548 4163 581 4242 ές
601 4165 671 4244 τρίς
766 4153 793 4244 ’ἶ
854 4229 859 4242 ,

191 4243 383 4329 Ἕκατίρωθι
403 4247 557 4327 μείναντες
577 4245 638 4312 dnh
660 4240 922 4325 πάγιαανῖἰλδίκων
942 4239 1018 4328 ligera

202 4327 322 4416 Ψυχάν,
345 4327 461 4396 ἴτειλαν
474 4330 552 4410 Διός
570 4313 878 4432 ’ὃδδνποιρδλίρόγου
890 4325 1018 4418 μόρσιμ’
1039 4325 1118 4392 ἔνθα
1129 4322 1277 4412 μακάριον

199 4421 309 4487 utnon
328 4413 489 4493 ὠκεανίδες

1009 4512 1078 4584 to·
