3052 5060
284 353 351 428 1⁷4
680 349 1086 430 COMMENTATIONES

285 523 546 610 iamimperator,
566 522 611 608 μή
632 520 729 606 μίυου
741 522 798 592 civ
805 523 954 613 Ὀρφικὸν
974 531 1017 607 είς
1035 528 1130 612 μίσου
1151 533 1342 600 κατατιθέασι
1361 536 1439 624 λίγα

284 615 335 678 καί
357 611 396 678 acl
418 613 450 676 ίυ
468 611 613 674 Ἐλευσῖνι
634 613 686 674 καί
707 608 747 675 τοί
766 615 829 676 τῶν
844 610 1008 697 Ῑίαβείρων
1029 612 1190 700 δημοήουτι
1211 617 1375 708 μυστήρια,
1394 629 1437 690 καί

283 697 321 764 τὸ
345 703 401 764 τοῦ
425 693 628 780 Ἡρακλέους,
657 696 708 760 ἵνα
736 699 786 761 καὶ
812 695 963 782 γογγύλας
990 700 1061 778 ἕψοι
1088 699 1307 770 novandarum
1335 704 1440 784 ξόανον,

283 784 432 850 Libauius
465 783 498 848 in
518 781 671 872 Apologia
697 779 830 847 Socratis
863 783 903 849 T.
925 785 981 850 Ill.
1001 807 1031 898 p.
1052 787 1110 854 53:
1140 794 1195 876 Τῷ
1215 789 1269 854 τὸν
1297 790 1440 878 Διαγόραν

282 867 491 934 ἀποκτείναντι
512 867 630 949 μισθὸν
650 861 835 950 ιἰπίσχεσθε·
856 867 913 934 τήν
933 870 992 956 γὰρ
1011 869 1156 938 menerva
1170 877 1221 938 καί
1243 874 1298 951 τὰς
1318 877 1441 962 ἀασρρή.

282 977 356 1030 τους
377 949 533 1041 troppis
553 947 684 1029 τελετάς.
705 974 761 1039 quo
783 953 847 1019 loco
869 955 983 1022 scilicet
1001 957 1025 1022 ii
1046 959 1211 1048 potuissent
1231 962 1289 1042 uti,
1311 964 1439 1062 quillis

282 1061 387 1129 ροιαια
415 1039 555 1112 comicum
581 1047 698 1128 poetam
723 1039 874 1106 exhibent
897 1039 994 1107 -ltlut
1021 1064 1094 1109 vero
1120 1045 1265 1110 contendo
1290 1046 1439 1136 Diagoram

281 1125 391 1192 inille
420 1123 496 1190 libro
521 1145 583 1190 non
610 1123 705 1190 solnm
732 1125 889 1190 sustulisse
919 1147 1027 1228 pravas
1055 1136 1086 1194 et
1112 1130 1251 1212 vitiosas,
1279 1152 1351 1216 quae
1371 1133 1440 1198 vile-

280 1209 389 1278 bantur
407 1210 447 1276 tie
474 1207 532 1274 uite
558 1209 731 1298 opiniones,
758 1209 812 1274 sed
833 1233 898 1276 cum
924 1212 1029 1302 ipsius
1045 1215 1161 1280 animus
1190 1215 1299 1304 pietate
1318 1223 1348 1282 et
1366 1218 1439 1282 casti·

281 1297 382 1362 monia
402 1301 483 1360 esset
508 1295 652 1376 minutus,
682 1295 769 1360 enam
792 1294 945 1380 docuisse,
972 1297 1042 1383 qnid
1069 1300 1193 1365 isole
1216 1301 1316 1366 divino
1335 1302 1439 1366 numine

280 1387 432 1446 censeret:
454 1379 552 1464 qualia
573 1386 669 1446 numm
690 1379 832 1461 docuerit,
853 1401 1008 1470 possumus
1029 1321 1117 1450 facule
1139 1386 1307 1452 coniectura
1328 1387 1439 1471 assequi,

280 1488 346 1532 cum
372 1465 537 1530 Democriti
561 1463 725 1530 Abderitae
756 1465 848 1530 luerit
877 1467 1054 1556 discipulus,
1086 1469 1147 1535 tid.
1169 1469 1280 1536 Suidus
1309 1469 1358 1536 illo
1385 1472 1438 1560 ipso

279 1551 360 1616 loco:
404 1546 563 1635 Διαγόρας
592 1551 792 1630 Τηλεκλείδου
821 1548 841 1632 ἢ
865 1550 1077 1636 Τηλεκλιίτσυ,
1099 1551 1241 1636 Μήλιος,
1269 1554 1437 1642 φιλόσοφος,

279 1638 331 1701 καί
353 1631 501 1725 ᾀσμάτων
522 1632 665 1717 ποιητής,
694 1631 728 1698 ὃν
755 1633 855 1722 εὐφυᾶ
877 1633 1069 1718 θεασάμενος
1090 1637 1291 1724 Δημόκριτος
1312 1638 1437 1723 titati-

278 1723 364 1806 ρίτης
384 1717 525 1801 ὠνήσατο
537 1722 648 1786 ciuiles
664 1713 739 1783 livre
747 1721 867 1801 μυρίων
887 1724 1035 1806 δραχμῶν
1055 1725 1105 1786 καί
1116 1727 1266 1808 μαθητήν
1278 1724 1437 1807 ἐποιήσατο.

277 1807 466 1872 Democritus
488 1818 596 1888 autem,
636 1805 760 1870 uomodo
780 1827 798 1870 ιι
819 1807 880 1871 inio
902 1807 939 1872 de
954 1808 1012 1873 diis
1033 1817 1115 1874 esset
1135 1811 1266 1876 excitata
1285 1813 1438 1898 quaerebat,

277 1892 339 1957 viti.
360 1890 445 1956 Sext.
466 1890 580 1980 Empir.
602 1826 669 1956 alt.
691 1889 786 1956 Malli.
882 1890 938 1956 24:
955 1887 1106 1977 Ὄρῶισες
1126 1893 1196 1980 γὰρ,
1219 1899 1314 1981 φησίν
1328 1897 1437 1980 (Demo-
1500 1923 1501 1928 ¹

277 1977 393 2060 cuitus),
413 1975 453 2040 τὰ
474 1979 507 2040 ἐν
526 1984 590 2051 τοῖς
610 1972 774 2057 μετεώροις
794 1975 970 2059 παθήματα
987 1978 1016 2043 oi
1037 1982 1163 2044 παλαιοί
1184 1987 1248 2046 τῶν
1269 1979 1436 2068 ἀνθρώπων,

278 2062 421 2145 καθάπερ
449 2059 583 2146 βροντὰς
604 2063 656 2124 eal
683 2057 858 2145 ἀστραπάς,
888 2059 1054 2147 κεραυνούς
1079 2087 1112 2130 τι
1137 2067 1189 2129 καί
1217 2063 1338 2151 ἄστρων
1361 2063 1437 2132 συνό-

277 2149 365 2226 δους,
392 2144 479 2229 ήλίου
500 2171 532 2212 τε
553 2147 604 2208 καί
626 2142 754 2227 σελήνης
774 2147 922 2226 ἐκλείψεις
946 2145 1176 2228 cooperatore,
1204 2151 1299 2228 θεοὺς
1320 2148 1437 2232 οἰόμενοι

276 2229 394 2298 τούτων
415 2233 531 2307 ιιίτίους
558 2227 643 2295 είυαι.
685 2229 788 2315 ltaque
809 2252 874 2294 oum
905 2231 957 2296 ille
983 2232 1103 2298 oleorum
1131 2235 1241 2301 cultum
1266 2243 1437 2326 repetereta

275 2319 380 2382 timore
402 2316 536 2402 quodam,
558 2317 607 2400 qni
627 2316 738 2403 primos
759 2315 905 2396 homiues,
926 2338 992 2382 cum
1006 2318 1118 2383 eoelum
1131 2323 1340 2410 suspexissent
1354 2319 1437 2386 coele·

275 2403 389 2488 stiaque
415 2400 602 2490 contemplati
622 2407 740 2482 essunt,
767 2400 954 2487 occupaverit
979 2421 1100 2488 eumque
1128 2404 1171 2470 ita
1198 2406 1294 2474 divini
1321 2405 1437 2472 numinis

275 2489 459 2554 sanctitatem
473 2486 654 2568 sustulisset,
666 2493 772 2550 'tomen
784 2482 910 2570 aliquem
927 2487 1111 2553 substituerit
1126 2490 1306 2578 religionem
1326 2510 1437 2558 necesso

275 2581 336 2638 est:
353 2573 450 2638 docuit
464 2579 560 2638 autem
570 2571 710 2658 quasdam
723 2569 829 2636 mentis
844 2570 992 2660 imagines
1002 2594 1081 2655 esse,
1092 2569 1167 2639 alias
1180 2577 1339 2661 bonorum,
1354 2575 1438 2644 nalo-

274 2677 340 2725 rum
357 2657 432 2724 alias
449 2667 602 2739 auctores,
620 2678 729 2742 eosque
740 2656 932 2738 interituras,
947 2678 1021 2742 quae
1042 2657 1162 2724 deorum
1179 2661 1246 2728 loco
1261 2663 1322 2728 sint
1337 2663 1437 2728 huben·

274 2745 347 2825 tloe;
364 2745 424 2808 vid.
437 2742 543 2810 Cicero
556 2743 593 2808 tle
603 2743 719 2808 Natura
730 2741 862 2806 Deorum
875 2741 899 2806 Ι.
913 2742 971 2808 43:
987 2741 1086 2824 „Mihi
1102 2745 1229 2830 quidem·
1238 2749 1325 2814 etiam
1336 2747 1437 2814 Demo·

274 2831 386 2912 oritus,
407 2829 455 2912 vir
475 2849 602 2918 maguus
619 2829 651 2892 in
670 2828 790 2918 primis,
811 2827 895 2892 cuiue
914 2827 1046 2892 sontibus
1058 2827 1205 2918 Epicurus
1225 2833 1357 2898 hortulos
1375 2851 1436 2896 suos
1500 2827 1501 2834 ἶ

273 2916 428 3002 irrigavit,
449 2925 555 2980 nutare
576 2913 692 2978 videtur
704 2914 735 2977 in
749 2921 855 2978 natura
865 2912 1001 2978 deorum:
1022 2922 1082 2978 trum
1093 2916 1174 2982 enim
1183 2926 1288 2983 censet
1299 2917 1436 3005 imagines

274 3001 429 3066 divinitate
440 2999 589 3100 praeditas
601 3004 702 3064 inesse
711 2999 743 3062 in
756 2997 950 3063 universitate
961 3021 1075 3078 rerum3
1098 3011 1157 3064 tum
1168 3003 1315 3092 principia
1328 3002 1437 3079 ruentis,

274 3105 351 3170 quae
361 3095 473 3150 suntin
484 3084 586 3147 eodem
600 3084 751 3164 universo,
772 3083 844 3147 deos
857 3103 925 3148 esse
936 3083 1021 3164 (licit3
1038 3093 1097 3148 tum
1110 3087 1277 3153 animantes
1288 3087 1436 3176 imagines,

272 3191 350 3256 quse
368 3169 417 3234 vel
437 3168 580 3258 prodesse
601 3168 688 3232 nobis
709 3169 821 3249 solent,
841 3167 890 3232 vel
911 3189 1034 3236 nocere:
1061 3177 1119 3234 tum
1141 3171 1285 3259 ingentes
1305 3170 1437 3258 quasdam

273 3255 597 3406 λίίέλίῖίίίίίί
612 3253 1436 3426 “iiiiiitttititiiiiii-‘nitimini

330 3413 332 3418 .
445 3387 452 3404 ·
491 3385 498 3404 ·
567 3386 575 3403 ·
610 3387 631 3421 α
926 3387 936 3420 ι

273 3425 412 3490 circuitus
438 3424 610 3490 iudeorum
634 3444 755 3488 numero
777 3423 886 3504 refert,
911 3430 971 3490 tum
992 3423 1074 3504 illam
1095 3363 1246 3510 natulllm,
1275 3449 1350 3514 quse
1370 3427 1436 3492 ina·

272 3511 363 3599 gines
389 3506 494 3576 fundat
524 3531 558 3574 ac
584 3511 694 3590 mittat,
724 3517 784 3574 tum
811 3509 962 3574 scientiam
988 3509 1273 3598 intelligentiamque
1300 3518 1435 3587 nostram,

271 3617 372 3662 nonne
399 3597 432 3661 in
459 3595 588 3662 maximo
608 3616 711 3662 errore
731 3598 899 3683 versaturt
922 3592 998 3662 Cum
1019 3593 1096 3662 idem
1118 3597 1352 3685 omnino,'quia'
1367 3593 1436 3660 nihil

271 3701 389 3772 semper
409 3701 464 3746 suo
484 3688 561 3746 statu
583 3687 710 3762 maneat,
731 3687 822 3767 neget
842 3701 910 3746 esse
925 3679 1080 3766 quithnam
1100 3683 1323 3770 sempiternum,
1342 3695 1435 3746 nonne

270 3768 358 3833 deum
379 3767 498 3832 omnino
518 3768 561 3832 ita
580 3767 672 3848 tollit,
700 3773 732 3832 ut
752 3765 862 3838 nullam
882 3786 900 3830 o
920 3765 1050 3830 inionem
1070 3765 1134 3831 eius
1155 3766 1300 3854 reliquam
1320 3765 1436 3834 iuuat.“

271 3853 309 3918 cf.
329 3860 486 3941 praeterea
506 3851 593 3917 Sext.
610 3851 724 3942 Empir.
741 3850 859 3916 1X.1o.
885 3785 1026 3926 iluanwis
1047 3859 1143 3916 autem
1163 3852 1229 3941 ipse
1250 3851 1434 3918 Democritus

269 3937 318 4002 vir
339 3945 420 4004 esset
440 3939 505 4026 pius
527 3944 558 4004 et
577 3939 734 4018 honestus,
758 3944 856 4002 tamen
878 3937 938 4002 ista
957 3935 994 4002 tle
1016 3936 1197 4018 simulacris,
1220 3959 1296 4023 quae
1318 3937 1434 4002 deorum

270 4015 335 4088 loco
348 4022 761 4105 essenthabenla,'(ioet1inu
780 4022 879 4088 inanis
901 4041 1022 4112 prorsus
1044 4029 1074 4086 et
1114 4022 1261 4090 ernieiosa
1274 4023 1331 4086 luit
1350 4019 1435 4086 nihii·
1499 4025 1500 4102 i

270 4125 327 4194 qne
348 4110 441 4197 potuit
460 4108 653 4190 substituere,
674 4106 850 4194 quoti-cultu
871 4113 901 4174 et
921 4106 975 4171 reli
1001 4105 1069 4172 ‘one
1085 4043 1208 4197 liguum
1228 4103 1327 4174 νίειιοι
1347 4112 1433 4182 esset,
1499 4111 1500 4118 ’

270 4193 357 4274 nihil,
379 4194 454 4280 quod
475 4202 573 4260 mente
593 4201 625 4259 et
642 4193 842 4292 intelligentis
860 4129 1143 4280 comprellndersnt
1162 4193 1308 4258 husones.
1334 4189 1382 4258 sta
1401 4209 1433 4253 re

269 4275 332 4344 Dia
355 4299 439 4360 oras,
466 4301 532 4363 cum
553 4278 599 4344 liis
620 4279 806 4368 opinionibus
827 4277 973 4358 imbutus,
991 4276 1104 4365 priscus
1125 4277 1291 4366 religiones
1311 4297 1353 4340 ex
1371 4273 1433 4339 eui·

270 4299 492 4429 mislsomiuum
513 4361 671 4430 extrahere
692 4363 833 4446 studeret,
854 4361 919 4428 iure
939 4361 1096 4451 impietatis
1118 4368 1282 4430 auctorest
1302 4359 1432 4428 habitum

269 4448 307 4514 εί)
326 4449 384 4516 hac
402 4448 568 4518 Democriti
587 4451 667 4519 οιιίσι
691 4449 848 4541 disciplina
871 4447 1051 4541 impietatem
1068 4447 1225 4540 Diagorse
1242 4443 1431 4536 repetentiam
1498 4481 1499 4488 ι
