3096 5062
345 341 405 410 ns
425 340 569 418 namo.
591 335 779 408 οοοοοοο.
800 337 907 406 arr.
929 336 1075 414 mrsu.
1227 339 1291 406 saa
1381 297 1383 304 ’

116 511 276 580 iurandum
299 509 569 660 parvipenderent
593 507 791 594 facillimeque
818 505 998 596 migrarent,
1022 519 1111 599 poeta
1132 531 1184 578 eos
1205 501 1292 578 ‘casti-

161 605 227 663 tet
252 604 321 662 ante
342 617 396 662 ocu
409 616 442 660 os
462 595 547 684 ponit
572 594 739 683 exemplum
764 613 919 680 moresque
945 593 1026 658 illius
1053 598 1208 686 temporis,
1234 619 1292 684 quo

147 683 256 763 hiron,
290 702 347 767 quo
373 679 619 746 Rhadamanthus
649 684 786 744 versatus
820 686 867 744 est
898 680 977 743 inter
1003 679 1152 764 homines,
1225 683 1292 750 ihus

115 767 340 835 sauchs'simam
361 765 419 831 luit
436 763 640 831 iusiurandum
658 763 1025 854 pereanemautahquod
1038 766 1156 836 animal.
1205 767 1293 834 hiron
1366 789 1370 799 ¹

116 859 221 921 autem
242 852 354 942 primum
379 849 572 915 iurisiurandi
597 847 686 914 fidem
711 849 792 913 inter
811 849 946 913 homines
967 849 1107 915 sanxisse
1126 849 1236 917 dieitur
1254 853 1291 918 ah

117 945 244 1004 auctore
264 935 511 1001 'Pitanonachiae
538 955 574 998 eo
600 934 683 1016 loco,
715 953 799 1019 quem
821 933 1005 1022 supradixi.
1047 933 1292 1002 Rhadamanthus

117 1031 222 1088 autem
242 1022 340 1087 lertur
358 1020 469 1110 primm
491 1017 666 1100 instituisse,
688 1018 871 1083 nehomines
892 1025 1003 1084 munere
1016 1018 1136 1084 deosum
1145 1021 1294 1112 rehgions

118 1108 329 1172 abuterenturz
361 1103 446 1170 uestis
473 1112 520 1169 est
544 1109 663 1193 praeter
689 1102 763 1167 ahos
791 1102 931 1168 Socrates
957 1103 990 1167 in
1021 1095 1190 1171 duodecimo
1217 1107 1293 1174 lihro

117 1213 225 1256 rerum
239 1189 431 1257 -Creticarum
460 1188 536 1279 apul
556 1187 657 1253 Schol.
678 1186 833 1277 Aristoph.
853 1185 933 1254 Aur.
954 1209 983 1254 s.
1003 1189 1084 1256 521:
1112 1188 1294 1275 Ῥαθάμον-

117 1281 187 1353 tissa
209 1278 296 1340 δοκεῖ
311 1272 524 1356 διαδεξάμενος
544 1272 600 1356 τὴν
625 1274 785 1354 βασιλείαν
805 1269 998 1350 δικαιότατος
1017 1280 1196 1384 γογενῇοθαι
1218 1277 1296 1344 ποίν-

118 1385 187 1426 soso
209 1358 400 1444 ἀνθρώπων·
427 1360 543 1444 λέγεται
564 1358 599 1424 δὲ
620 1356 716 1422 αὐτὸν
736 1363 860 1444 πρῶτον
881 1357 999 1424 οὐδένα,
1019 1359 1073 1424 ἐᾶν
1094 1385 1204 1445 ορκοος
1225 1391 1296 1430 ποι-

119 1451 232 1511 εῖσθαι
252 1445 332 1510 κατὰ
358 1451 420 1509 τῶν
440 1449 539 1519 θεῶν,
569 1441 638 1506 aat'
664 1440 792 1524 ὄμνῦναι
814 1447 953 1508 κελεῦσαι
970 1449 1053 1526 χῆνα
1073 1449 1125 1509 καὶ
1146 1445 1222 1512 κύνα
1244 1454 1296 1516 sal

120 1530 212 1616 κριὸν
230 1532 283 1594 eal
314 1526 416 1612 ὅμοια.
459 1527 535 1596 Cum
558 1527 683 1595 Cratino
709 1537 806 1593 autem
827 1549 949 1617 prorsus
971 1532 1122 1596 consensit
1146 1533 1298 1620 Socrates,

119 1616 172 1718 spui
195 1616 312 1766 etipse
332 1614 561 1680 Atheniensium
582 1614 701 1678 in'iure
722 1613 853 1698 iurando
869 1614 1031 1680 detestatus
1051 1615 1216 1702 levitatem,
1244 1643 1297 1688 an.

119 1708 222 1787 uquas
242 1701 253 1764 i
278 1721 312 1764 as
333 1707 363 1764 at
383 1699 443 1764 iam
464 1699 514 1766 sliu
526 1697 804 1764 obsoletasiuranli
823 1698 966 1764 formulas
979 1703 1144 1767 revocavit:
1166 1708 1297 1784 sanctius

120 1786 205 1850 enim
227 1792 258 1850 et
279 1784 427 1871 antiquius
449 1783 497 1850 slei
518 1791 636 1851 aumen'
648 1783 747 1866 duxit,
776 1803 861 1868 quam
883 1791 915 1848 ut
939 1783 1043 1849 liceret
1063 1791 1174 1853 temere
1195 1791 1244 1856 vel
1265 1793 1298 1858 in

119 1891 158 1936 re
180 1870 335 1935 levissima
360 1871 425 1934 eius
453 1868 540 1934 tidem
566 1869 725 1932 invocare:
753 1867 818 1956 ipse
844 1875 941 1934 autem
962 1866 1102 1934 Socrates
1130 1892 1215 1958 quam
1236 1875 1298 1942 fre·

143 1965 253 2019 neuter
272 1951 548 2021 Rhadamantheum
574 1949 778 2028 iusiurandum
806 1953 1007 2042 usurpaverit,
1035 1954 1208 2023 documento
1229 1970 1299 2026 sunt

154 2039 334 2128 enophontis
356 2047 386 2103 et
405 2036 541 2102 Platonis
562 2057 725 2102 sermones.
746 2034 880 2102 Socratis
901 2039 1140 2105 consuetudinem
1162 2043 1300 2110 videntur

122 2125 217 2190 etiam
243 2123 294 2188 ahi
316 2122 408 2188 secuti
430 2144 514 2204 esse,
541 2129 573 2186 ut
592 2121 710 2210 Lampo
731 2130 830 2204 vates,
862 2125 911 2209 qui
936 2125 1182 2213 religiosissimus
1202 2129 1299 2198 villeri

122 2204 264 2291 solebat,
290 2229 375 2294 quem
396 2207 433 2272 oh
455 2207 485 2274 id
507 2207 517 2270 i
538 2227 603 2271 sum
624 2214 716 2271 vexat
735 2207 956 2296 Aristophanes
977 2209 1008 2274 in
1030 2211 1146 2276 Avibus
1168 2233 1197 2279 v.
1218 2217 1299 2281 520:

206 2290 308 2372 Ὄμνν
331 2291 359 2356 δ’
375 2291 475 2368 οὐδεὶς
495 2227 556 2356 shs'
571 2287 796 2375 astronomos
815 2289 899 2370 θεόν,
921 2292 988 2358 ἀλλ’
1010 2292 1140 2381 ὄρνιθος
1160 2295 1300 2382 ἅπαντας,

211 2377 363 2460 Λάμπων
384 2375 415 2442 δ’
438 2373 550 2457 ὅμννσ’
574 2375 619 2441 tu
640 2379 691 2440 acl
712 2379 777 2441 νυνὶ
803 2376 858 2443 τὸν
875 2378 959 2460 χῆν’,
981 2377 1056 2444 ὅταν
1075 2382 1214 2474 ἐξαπατᾷ
1234 2411 1275 2452 ss.

121 2463 188 2531 Sed
211 2471 312 2528 mmau
324 2461 412 2528 οῑίιιο
432 2461 722 2551 philosophiaequae
742 2462 800 2528 isto
822 2463 941 2530 saeculo
955 2465 1047 2530 fuerit
1066 2468 1142 2533 ratio
1158 2489 1300 2558 quamque

120 2550 250 2616 diversa
271 2548 308 2612 ah
330 2548 450 2633 antiqua
469 2547 583 2614 istasa
602 2547 710 2628 ientia,
731 2546 999 2642 videturCratipus
1021 2553 1171 2640 attigisse:
1194 2557 1248 2622 sed
1271 2568 1303 2624 ut

119 2641 189 2700 erat
208 2632 369 2724 praeteriti
378 2633 518 2720 temporis
529 2567 673 2712 lauhator,
694 2651 754 2695 non
773 2632 870 2696 minus
883 2652 968 2718 quam
981 2638 1072 2700 ceteri
1083 2639 1185 2703 comici
1197 2649 1303 2728 poetas

120 2721 167 2786 ita
184 2717 328 2798 instituit,
349 2725 382 2781 ut
390 2717 497 2782 chorus
518 2717 635 2805 priscae
655 2715 761 2780 aetatis
772 2715 942 2781 felicitatem
963 2719 1087 2785 laudans
1104 2723 1177 2788 illud
1189 2745 1304 2811 quoque

124 2807 207 2871 iuter
218 2823 336 2868 summa
346 2801 423 2866 vitae
440 2801 589 2866 commoda
600 2799 744 2882 referret,
761 2801 837 2885 quod
849 2802 983 2866 homiues
994 2805 1144 2892 sopientes
1155 2808 1301 2896 iidemque

125 2912 244 2956 summa
266 2907 379 2952 morum
394 2885 516 2950 lenitate
534 2893 565 2950 et
579 2884 759 2950 humanitate
777 2885 930 2988 insignes,
952 2885 1101 2954 hominum
1113 2893 1202 2958 vitam
1214 2895 1303 2961 dissi·

124 2981 226 3066 patum
246 2978 368 3072 anteat
387 2971 585 3119 perturbatam
606 2970 770 3070 praeceptis
792 2977 823 3034 et
841 2963 1202 3078 mshtutis‘instruxerint
1216 2987 1303 3067 atque

125 3061 276 3127 moderatu
296 3063 366 3122 smt
414 3056 589 3122 ntellexrsse
610 3063 706 3120 autem
727 3055 845 3121 ulatur
865 3079 993 3126 maxume
1014 3069 1126 3150 septem
1147 3063 1231 3146 illos,
1254 3067 1304 3154 qui

79 3179 84 3190 ι
125 3145 184 3212 hoc
204 3142 328 3210 nomine
347 3141 497 3231 sapientes
517 3142 719 3223 vocabantur,
740 3141 817 3227 quod
839 3141 876 3208 de
897 3145 961 3208 vita
978 3151 1010 3209 et
1030 3147 1160 3214 moribus
1182 3151 1303 3238 generis

10 3249 11 3260 ³
122 3230 252 3298 humani
274 3227 432 3292 utilissima
451 3235 482 3292 et
502 3227 671 3291 acutissima
691 3235 848 3316 praecepta
868 3227 1060 3297 tradiderant
1097 3231 1185 3298 Hauc
1206 3243 1304 3303 autem

126 3316 294 3406 simplicem
322 3313 485 3403 sapientiae
511 3313 673 3393 rationem,
705 3332 818 3376 merum
839 3319 870 3377 et
895 3313 1069 3404 disciplinae
1090 3320 1186 3384 omnis
1207 3322 1303 3410 magi-

126 3408 239 3484 stram,
268 3421 332 3464 cum
358 3397 541 3498 commendat
568 3403 670 3486 poeta,
693 3397 785 3498 simul
811 3398 911 3483 tangit
935 3401 1073 3500 pequales
1100 3404 1302 3496 philosophos,

127 3487 180 3573 ,a
201 3493 275 3551 ”³¹¹⁰
294 3482 423 3630 Αεῐιθιιιῗ
442 3487 711 3632 ttlmttlhl
723 3485 1051 3638 lllltllhlh
1063 3490 1128 3639 ‘lt
1148 3491 1181 3554 ¹¹¹
1202 3509 1303 3560 Μ’

128 3579 257 3736 hhhuthho,
279 3576 644 3733 hhhhffhhniousrebus
671 3588 818 3718 scholion
844 3653 876 3718 iu
897 3595 1182 3747 utramquegphrhhih
1200 3597 1304 3752 ppsrpp

12 3739 14 3764 ²
131 3741 244 3804 tahaut.
267 3737 469 3826 Perspexerat
489 3737 567 3802 enim
587 3758 736 3827 praesago
750 3737 874 3823 quodam
886 3741 984 3808 animo
1005 3745 1134 3830 etquasi
1151 3745 1303 3834 divinitus,

130 3823 215 3890 illam
236 3821 464 3914 philosophandi
484 3823 648 3905 rationem,
676 3821 746 3888 licet
766 3845 884 3914 semper
905 3827 974 3912 quid
996 3835 1077 3893 esset
1096 3831 1162 3896 veri
1188 3831 1304 3899 similli-

131 3929 212 3976 mum
233 3914 406 3996 quaereret,
434 3915 548 3989 umen,
569 3927 634 3972 cum
655 3908 755 3972 omnia
776 3907 813 3974 ad
834 3912 949 3977 arbitrii
970 3913 1117 3978 licentiam
1139 3927 1303 4003 revocaret,

131 3991 226 4080 longe
254 4014 322 4060 esse
342 3993 620 4082 perniciosissimam
646 3993 726 4058 vitae
753 4000 784 4058 et
809 3995 942 4082 privatae
968 4006 999 4063 at
1019 3998 1162 4088 publicae.
1204 4001 1303 4072 Prisci

135 4085 233 4143 autem
256 4079 322 4143 aevi
342 4077 515 4143 scientiam
537 4075 668 4142 laudavit
688 4081 721 4142 iu
741 4078 802 4142 illis
823 4081 959 4147 versibus
981 4127 984 4134 -
1015 4103 1067 4149 uos
1089 4086 1303 4159 Grammaticus

134 4161 274 4227 Behheri
303 4163 344 4228 Τ.
365 4100 395 4229 lP
417 4185 446 4252 p.
467 4163 531 4230 336
563 4163 709 4230 servavit:
743 4161 898 4247 ’Acasto
929 4132 1038 4234 nahor·
1067 4167 1303 4264 Ἀριστοφάνης

135 4246 342 4332 Λυσιστράτη
361 4281 404 4300 -
425 4249 581 4332 Κρατῖνος
603 4249 769 4330 Χείρωοιν·

129 4379 133 4388 .
222 4311 391 4416 Μακοῖροος
411 4321 449 4414 ἦν
469 4330 486 4398 ὁ
508 4333 567 4420 πρὸ
588 4337 644 4398 τοῦ
664 4333 733 4413 βίος
752 4338 908 4416 βροτοῖσιν

220 4415 312 4505 Πρὸς
331 4416 371 4483 τὰ
392 4422 460 4496 νῖν,
483 4415 517 4483 ὃν
539 4415 619 4504 εἶχον
639 4413 747 4506 ἄνδρες
