3004 5048
1 2307 127 2388 ἐτξ

331 365 397 436 ,DE
416 355 560 442 nume
580 357 768 434 COMOED.
788 357 895 434 Aru.
915 365 1061 446 anulo.
1213 373 1278 442 291

97 544 245 630 tempore
272 535 480 604 docta=fue1it
507 523 609 600 schola
635 533 761 617 indicat,
795 553 869 604 cnm
898 536 999 626 priore
1028 537 1094 602 loco
1115 531 1280 626 Teleclidis

89 621 366 724 Amphictyonas,
391 620 557 710 posteriore
577 619 768 684 Pherecratis
789 618 903 686 Persas
924 631 1142 706 commemoret,
1174 619 1279 712 quihus

95 708 267 796 subiungit
287 705 499 798 Aristophanis
521 704 723 791 Tagenistas‚
751 704 852 770 ultimo
875 706 1000 794 deniqne
1020 708 1085 773 loco
1105 707 1278 811 Metagenis

94 791 335 894 Thuriopersas
368 799 399 856 et
423 789 617 880 Nicophontis
645 788 770 855 Sirenas
800 799 1018 875 commemorat,
1060 813 1135 894 quae
1162 797 1278 881 quidem

94 877 279 944 comoediae
300 897 440 962 nunquan
460 875 581 940 fuerunt
602 874 714 940 doctae.
730 931 733 942 .
752 872 938 962 Quamquam.
953 883 1049 942 nutem
1069 878 1163 968 ipsius
1183 879 1279 946 Athe-

91 963 173 1028 naei
196 963 309 1028 iudicio
329 982 391 1026 non
411 982 485 1026 sane
505 959 625 1024 multum
654 957 724 1024 fidei
745 968 776 1024 ot
795 963 976 1027 auctoritatis
1002 961 1187 1029 tribuendum
1209 987 1278 1032 een·

94 1067 172 1131 seo,
205 1048 281 1114 satis
302 1053 401 1117 tamen
427 1063 572 1134 superque
594 1052 716 1132 apparet
742 1063 808 1111 eum
828 1045 861 1110 in
882 1045 1024 1114 hocloco
1045 1047 1278 1116 doctissimorum

93 1134 368 1222 grammaticorum
394 1131 570 1196 sententium
593 1135 721 1194 secutum
744 1151 829 1214 esse,
855 1133 984 1218 quitum
1006 1135 1280 1202 accuratenoverit
1380 1169 1383 1176 ·

84 1223 159 1304 'quo
184 1223 320 1307 tempore
341 1235 471 1304 quaeque
486 1207 588 1280 fahnla
609 1215 688 1280 edita
705 1215 757 1280 sit:
780 1225 897 1282 secutus
919 1223 1015 1284 autem
1035 1219 1127 1284 suerit
1147 1217 1276 1286 velGal·

93 1299 231 1368 limathi
250 1301 300 1368 rel
319 1300 424 1367 Aristo
444 1301 531 1366 hunis
552 1299 685 1383 tabulas,
706 1299 755 1365 vel
777 1299 906 1368 Cratetis
927 1303 1052 1390 deniqne
1073 1311 1124 1369 ant
1143 1303 1278 1404 Carystii

90 1385 363 1476 Pergamenorum
390 1323 583 1466 didascalias,
605 1403 732 1533 prorum
759 1385 1004 1477 descriptionibus
1032 1391 1150 1479 saepius
1176 1397 1277 1472 ututur,

92 1471 187 1538 velut
204 1471 290 1542 lel.
306 1495 325 1562 p
340 1474 406 1540 336
421 1470 466 1535 E:
491 1463 605 1553 Od'rcy
626 1493 645 1556 ρ
658 1471 859 1554 Καλλίμαχος
881 1471 950 1538 odra
959 1471 1185 1562 Ἀριστοφάνης
1199 1473 1277 1540 αὐτὸ

92 1555 303 1644 ἀνέγραψαν,
325 1556 390 1621 ἀλλ’
414 1553 486 1622 odet
507 1555 537 1620 oi
557 1553 614 1631 τὰς
634 1555 666 1619 ἐν
686 1551 844 1642 Περγάμῳ
866 1555 1049 1644 ἀναγραφὰς
1068 1557 1277 1642 ποιησάμενοι.

90 1641 208 1730 ltaque
237 1643 293 1707 hoc
319 1649 398 1708 certe
424 1646 540 1706 constat
569 1639 603 1704 in
630 1639 690 1704 illis
719 1639 889 1706 didascaliis
915 1643 1105 1708 Pherecratio
1136 1644 1277 1728 fabulam,

91 1747 177 1816 quae
200 1728 346 1818 inscripta
367 1735 432 1792 erat
441 1728 630 1800 Μεταλλεῖς,
650 1731 799 1814 reportem
820 1748 898 1792 esse.
923 1727 987 1792 Iam
1007 1749 1079 1793 vero
1100 1727 1275 1794 Athenaeus

91 1812 224 1900 quidem
245 1831 307 1878 non
333 1811 491 1894 dubitarit,
534 1810 605 1898 quin
633 1830 670 1874 ea
690 1831 776 1912 quum
802 1809 836 1874 in
862 1812 997 1876 manibus
1024 1811 1153 1877 habehat
1175 1813 1276 1878 fabula

92 1895 209 1966 endem
240 1897 294 1962 ille
320 1897 375 1974 sit,
404 1894 537 1982 quaein
569 1891 738 1959 didascnhis
766 1895 825 1959 fuit
848 1897 1013 1980 recensita,
1039 1897 1137 1982 itaque
1161 1893 1276 1962 Phere-
1375 1905 1378 1912 '

91 1989 215 2048 cratem
230 1987 377 2046 auctorem
385 1975 607 2044 Ἀιαιιῶιατον
621 1978 707 2062 dixit,
724 1979 801 2066 qnod
812 1981 928 2066 quidem
940 2001 1001 2046 non
1011 1988 1070 2048 tum
1082 1979 1119 2047 nd
1130 1981 1275 2046 sermonis

89 2067 308 2154 integritatem
329 2072 377 2130 est
396 2063 603 2146 referendum,
629 2083 714 2150 quum
736 2064 774 2130 ad
794 2064 910 2154 ingenii
930 2066 1061 2156 leporem
1087 2073 1117 2130 et
1138 2067 1275 2168 gretiam,

1 2219 3 2230 ι
91 2173 156 2239 qua
180 2151 312 2216 mammo
334 2150 439 2215 enituit
458 2148 673 2214 Pherecrates:
699 2149 757 2214 hae
778 2158 875 2216 antem
895 2151 1019 2216 virtutes
1040 2147 1275 2217 Atheniensibus

1 2244 3 2254 '
89 2232 1276 2406 rum,tututtrechtarithmetici-atticen

91 2408 148 2472 καὶ
172 2403 256 2470 καθ’
280 2405 409 2470 ἕκαστον
429 2406 528 2469 δοκεῖν
554 2401 593 2467 ἄν
618 2428 673 2485 μοι
701 2401 756 2470 τὸν
777 2403 872 2470 αὐτὸν
897 2403 996 2492 ἄνδρα
1016 2403 1094 2492 παρ’
1117 2403 1205 2489 ἡμῶν
1224 2407 1274 2472 ent

0 2550 1 2581 p
93 2490 217 2557 πλεῖστ’
241 2487 279 2556 ἂν
300 2490 365 2574 εἴδη
386 2491 438 2554 καὶ
458 2487 537 2572 perd
555 2490 691 2575 χαρίτων
710 2485 831 2569 μάλιστ’
856 2486 895 2554 ἂν
915 2489 1106 2577 ιῧτραπιλῶς
1125 2486 1162 2556 τὸ
1182 2497 1274 2572 σῶμα

0 2586 1 2589 ’
93 2574 255 2660 αὔταρκες
275 2575 477 2660 παρέχεσθαι.
519 2573 565 2638 At
584 2583 617 2638 nt
637 2573 676 2638 ad
696 2573 765 2639 illos
785 2573 976 2640 Pherecratio
997 2595 1103 2640 versus
1125 2575 1273 2657 accedam,

0 2662 1 2675 ¹
92 2662 203 2728 insunt
225 2674 299 2724 sane
321 2679 395 2745 quac
417 2659 453 2723 ab
466 2657 559 2723 Attici
572 2657 717 2722 sermonis
738 2658 948 2722 consuetudine
969 2659 1130 2724 abhorrere
1150 2659 1273 2724 videan-

1 2745 5 2761 '
92 2754 156 2829 tur,
177 2765 285 2810 rernm
305 2765 347 2808 ex
365 2743 414 2808 his
436 2743 495 2811 alia
516 2747 742 2830 corruptarnnt,
764 2741 825 2806 alia
845 2739 918 2806 satis
939 2739 1050 2808 hahent
1062 2743 1273 2811 excusationis.

2 2833 5 2859 ¹
92 2831 138 2896 Et
164 2827 358 2908 insecundo
386 2827 503 2913 quidem
535 2845 625 2892 versu
658 2825 840 2911 εἰργασμένα
866 2827 943 2891 miro
975 2827 1049 2894 sutis
1076 2833 1107 2892 et
1132 2827 1272 2894 insolenti

92 2915 186 2982 modo
210 2915 406 2980 dictumest:

183 2997 325 3085 Πλούτῳ
347 2995 380 3062 δ’
403 2983 552 3078 ἐκεῖν’·ἤν
572 2987 672 3058 πάντα
693 3015 793 3075 σνμπι
839 2993 945 3080 ρμένα,

178 3083 235 3148 Ἐν
255 3088 350 3147 πᾶσιν
370 3079 504 3166 ἀγαθοῖς
524 3075 625 3144 πάντα
646 3074 761 3164 τρόπον
782 3078 975 3165 εργασμένα.

90 3169 135 3236 At
162 3189 243 3236 vero
271 3167 431 3257 scripserat
450 3165 649 3231 Pherecrates
678 3161 922 3250 ὠργασμένα,
957 3161 1034 3250 quod
1060 3181 1125 3228 cum
1149 3182 1269 3252 praece·

91 3255 176 3322 denti
198 3253 348 3320 vocabulo
368 3249 609 3338 συμπεφυρμένα
630 3250 737 3338 optime
758 3249 914 3336 congruit:
936 3243 1072 3335 ὃργάζιιν
1092 3247 1170 3313 enim
1190 3247 1268 3313 idem

89 3340 159 3411 fere
181 3338 266 3428 quod
286 3334 395 3438 φύρειν
416 3342 476 3419 est,
497 3335 663 3400 Atticorum
684 3340 781 3400 autem
802 3353 940 3400 sermone
960 3333 1034 3399 sutis
1055 3332 1164 3400 tritum.
1195 3333 1268 3401 Ari-

92 3417 661 3594 Btophffddmlddghchlddsdheghdhdv
680 3499 799 3578 ἅπαδῦς
820 3497 963 3588 ὄργασον.

92 3595 145 3662 nbi
164 3592 341 3664 Scholiasta
361 3609 402 3658 ex
450 3529 776 3680 upohdishrospaltiis
797 3586 856 3654 hoc
873 3585 1047 3678 adscripsitz

401 3672 448 3740 Ἦ
464 3673 563 3758 πηλὸν
583 3671 718 3759 ὄργάζιιν
737 3667 818 3740 τινά,

7 3771 9 3852 ζ
95 3772 127 3832 et
145 3763 190 3834 So
209 3763 315 3829 hocles
336 3782 376 3828 ex
395 3759 538 3826 Pandora
556 3757 611 3825 Fr.
632 3757 713 3825 432:

8 3869 9 3884 ¹
220 3851 252 3914 at
272 3853 396 3938 πρῶτον
415 3843 511 3933 ἀργὸν
531 3842 629 3928 πηλὸν
645 3837 781 3932 ὄργᾶζιιν
797 3845 910 3928 χεροῖν.

8 3919 11 3964 ¹
98 3940 130 4000 et
147 3951 272 4004 rursus:
326 3995 329 4004 ,
504 3939 507 3948 “

187 4014 317 4098 &fietne
337 4014 436 4120 πηλὸν
456 4009 597 4102 ὅργᾶσαι.

9 4105 12 4122 “
98 4099 198 4170 Plato·
216 4103 342 4188 denique
366 4121 401 4168 m
420 4099 589 4169 'theaeteto
630 4137 638 4162 ι
661 4093 726 4162 194
744 4087 787 4161 C:
811 4089 910 4160 “erar
927 4089 985 4174 atu
1004 4083 1023 4153 ὅ
1043 4083 1135 4198 πηρός
1153 4109 1210 4154 τοι
1230 4087 1264 4156 o

10 4171 13 4219 ¹
123 4191 138 4210 '
158 4191 247 4273 ψυχῇ
273 4181 378 4268 βαθύς
403 4211 437 4252 τε
462 4187 515 4251 καὶ
541 4187 602 4250 πολ
622 4203 639 4260 ς
658 4181 710 4246 καὶ
734 4184 813 4270 istoc
842 4180 894 4244 trud
918 4173 1049 4262 μετρίαις
1067 4172 1263 4326 ωργασριλνσς

10 4275 12 4290 ’
100 4209 139 4358 ἕ
165 4273 205 4338 τὰ
232 4267 318 4338 ἰόντα
345 4267 400 4339 διὰ
417 4273 479 4336 τῶν
499 4265 675 4352 commone
695 4261 935 4374 ἐνσημαινόμενοι
960 4263 1002 4337 εἰς
1027 4264 1119 4328 τοῦτο
1145 4283 1164 4326 ν
1206 4265 1263 4343 τῆς

11 4353 13 4372 '
100 4359 206 4440 wenis
217 4349 301 4442 stup.
320 4351 405 4421 Idem
425 4361 611 4426 annuens
622 4349 700 4442 qnod
719 4373 828 4440 φσραν
846 4355 878 4418 et
895 4337 1037 4433 pervim
1056 4344 1262 4414 docetNicnn-

11 4429 12 4456 ³
101 4439 155 4508 der
175 4441 319 4510 Theriac.
337 4439 418 4509 6⁵1:

352 4565 358 4578 .
996 4531 1067 4600 1⁹0
