3052 5060
244 343 308 412 176
624 341 1030 414 COMMENTATIONES

244 513 283 580 de
303 511 359 580 hac
379 511 534 602 Diagorae
555 511 798 578 condemnatione
817 512 860 578 ita
880 511 1019 599 loquitur,
1040 518 1072 578 ut
1092 535 1157 580 eam
1178 523 1327 584 recentem
1348 525 1418 582 tnnc

243 599 338 666 fuisse
358 599 433 662 satis
455 620 473 662 a
492 604 610 687 pareat:
1404 640 1407 649 ι

331 685 414 766 Τῇιλε
433 709 457 763 μ
474 707 537 748 ντοι
557 681 683 770 θήμέρρι
708 675 834 762 μάλιστ’
858 681 1122 768 ἐπαναγορεύεται,

323 765 389 834 Ἦν
409 767 441 831 τ’
466 767 678 852 ἀποκτείνῃ
706 791 753 842 τις
774 762 862 849 ὑμῶν
882 766 1044 852 Διαγόραν
1063 767 1118 834 τὸν
1138 763 1267 850 Μήλιον

329 849 516 936 Λαμβύνειν
536 849 702 928 τάλαντον,
725 848 763 933 la·
783 876 815 916 τι
835 855 898 916 τῶν
918 851 1075 938 τυράννων
1095 853 1141 929 τός
1160 877 1230 917 τινα

330 943 404 1003 Τῶν
424 935 617 1020 τεθνηκότων
637 935 817 1022 ἀποκτείνῃ,
838 934 989 1003 τόλαντον
1009 935 1186 1021 λαμβάνειν.

245 1022 298 1092 Sic
310 1025 388 1090 enim
403 1023 482 1112 lego.
505 1023 673 1090 Scholiasta
682 1043 794 1108 quoque
810 1022 848 1088 ad
859 1021 942 1088 illum
956 1023 1051 1088 locum
1063 1044 1118 1117 quo
1130 1029 1261 1112 tempore
1274 1023 1416 1112 expulsus

242 1111 335 1176 fuerit
354 1109 507 1197 Diagoras
528 1109 613 1174 dicit:
644 1099 744 1184 Οὗτος
762 1107 841 1187 μετὰ
866 1105 927 1190 τήν
943 1105 1056 1173 ἅλωσιν
1077 1105 1193 1191 Μήλου
1221 1109 1253 1172 ἐν
1272 1105 1417 1192 Ἀθήναις

243 1193 328 1282 ᾤκει,
357 1194 396 1260 τὰ
419 1195 452 1259 δὲ
471 1190 626 1278 μυστήρια
646 1191 798 1276 ηότέλιζεν
819 1187 860 1269 ὡς
881 1193 1015 1270 πολλούς
1037 1193 1190 1272 ἐκτρέπειν
1210 1197 1353 1274 τελετήςι
1387 1201 1417 1258 et

243 1281 352 1347 ibidem
373 1279 464 1346 alius
486 1279 700 1362 ἐκκεκήρυκται
722 1277 756 1342 δὲ
775 1273 910 1358 μάλιστα
925 1274 986 1342 iat
1007 1277 1063 1360 τήν
1081 1276 1195 1344 ἅλωσιν
1216 1283 1271 1360 τής
1283 1275 1416 1360 Μήλου·

244 1363 401 1449 οὐδὲνγὰρ
415 1361 523 1446 κωλύει
545 1363 700 1449 πρότερον.
721 1362 775 1428 sed
795 1363 869 1430 haee
891 1371 991 1452 aperte
1005 1365 1211 1444 vitiata'sunt,
1229 1363 1417 1430 scribendum

244 1458 308 1517 aut:
339 1449 505 1536 οὐδὲνγὰρ
527 1446 671 1514 κελεύει
693 1444 856 1532 πρότερον,
887 1455 937 1514 aut
958 1445 1047 1514 οὐδὲν
1068 1449 1108 1512 δὲ
1128 1444 1235 1514 κωλύει
1257 1444 1416 1531 πρότερον,

242 1543 276 1601 ut
296 1535 374 1600 dicat
394 1536 470 1602 nihil
490 1535 606 1617 obesse,
627 1535 780 1620 quominus
792 1534 958 1622 Diagoram
980 1541 1048 1598 ante
1069 1533 1144 1598 Meli
1166 1534 1417 1684 expugnationem
1499 1565 1502 1568 ·

243 1621 470 1688 exterminatum
491 1642 559 1686 esse
581 1627 752 1686 statuamus.
778 1617 877 1684 Melos
900 1626 995 1684 autem
1017 1627 1102 1708 capta
1123 1625 1208 1684 esta
1249 1618 1417 1684 Athenien-

243 1708 326 1772 sibus
353 1706 470 1794 Olymp.
492 1705 575 1772 XCI.
597 1707 616 1770 1
646 1707 785 1770 archonte
808 1703 935 1770 Athenis
956 1703 1143 1770 Arimnesto:
1188 1704 1241 1770 sed
1262 1703 1416 1792 Diagoras

243 1794 308 1858 sive
329 1787 466 1856 Athenas
487 1813 521 1856 se
543 1791 681 1872 contulit,
702 1791 800 1879 patria
820 1790 893 1854 urhe
916 1811 1038 1871 eversa,
1065 1789 1130 1854 sive
1152 1789 1227 1876 quod
1249 1789 1313 1856 veri
1334 1790 1417 1856 simi·
1455 1815 1458 1820 2

241 1879 300 1944 lius
323 1877 463 1958 arbitror,
482 1879 541 1942 iam
563 1883 650 1942 antea
670 1874 801 1942 Athenis
822 1883 868 1940 est
883 1883 1087 1956 commoratus,
1108 1875 1141 1938 in
1162 1873 1283 1940 exilium
1305 1874 1415 1940 eiectus

243 1971 291 2028 est.
311 1969 379 2028 ante
400 1963 474 2028 illud
494 1963 590 2050 ipsum
603 1969 724 2050 ,tempus
746 1981 802 2046 quo
820 1959 1036 2048 Aristophanes
1057 1959 1155 2026 docuit
1175 1962 1270 2042 Area,
1292 1959 1348 2023 hoc
1370 1965 1416 2024 est

243 2049 332 2148 Olym
354 2096 361 2111 .
382 2045 465 2113 XCI.
486 2051 507 2111 2
529 2054 665 2134 praetore
688 2045 833 2112 Chahria:
856 2047 1008 2131 firmatque
1030 2046 1086 2112 hec
1107 2045 1234 2110 Diodori
1256 2045 1415 2112 auctoritas

243 2155 294 2220 qur
358 2132 397 2214 ll.
419 2133 455 2212 8,
482 2133 533 2196 nbi
561 2132 597 2196 de
624 2133 713 2196 rebus
741 2131 793 2196 illo
816 2152 894 2196 anno
922 2133 1016 2218 gestis
1042 2131 1185 2216 loquitur:
1233 2127 1361 2194 Τούτων
1382 2131 1417 2194 δέ

242 2213 1415 2381 κωλύωνανονυνκνοωνκαὶαλ

237 2387 400 2470 Ἀθηναῖοι
426 2365 470 2472 ‘aqi
506 2327 641 2449 aelredo
669 2327 845 2471 Διαγόρύόμ
864 2325 1012 2470 όργύήόου
1040 2328 1191 2452 solidator
1217 2327 1417 2470 ἐαεηκήρυξαν.

241 2473 317 2540 Inde
339 2472 426 2536 etiam
448 2471 571 2536 coniicio
592 2471 695 2536 Nubes
716 2470 928 2560 Aristophanis
950 2472 1107 2555 secundas,
1127 2472 1160 2536 in
1180 2469 1285 2558 quihus
1307 2469 1417 2541 Socra-

242 2567 301 2624 tem
323 2563 410 2648 poeta
423 2564 508 2620 vocat
522 2555 656 2637 Menum,
678 2577 739 2621 non
761 2565 829 2621 ante
850 2557 929 2622 hunc
944 2577 1052 2624 annum
1073 2559 1198 2646 scriptas
1221 2579 1299 2638 esse,
1320 2557 1363 2622 ita
1383 2566 1417 2624 ut

146 2661 154 2678 ·
242 2644 315 2714 λεια,
330 2642 432 2706 eodem
445 2649 586 2730 tempore,
606 2661 661 2727 quo
672 2641 756 2706 Aves
772 2649 803 2706 et
814 2639 1026 2730 Amphiaraum
1048 2644 1252 2732 composuerit.
1283 2643 1416 2728 Prorsqs

241 2749 314 2793 vero
340 2728 372 2791 in
396 2726 550 2814 Diagorae
577 2734 673 2792 aetate
700 2727 894 2792 describenda
921 2728 1040 2794 aberrat
1060 2727 1161 2794 Schol.
1182 2727 1262 2792 Rao.
1283 2749 1312 2793 v.
1334 2731 1416 2794 32⁰:

235 2804 295 2878 Ἦν
316 2813 349 2877 δὲ
370 2801 459 2888 οὗτος
483 2807 678 2894 Ίήλεκλήτου
700 2813 781 2895 aare,
804 2811 930 2895 Μήλιος
950 2811 985 2878 τὸ
1008 2813 1107 2896 γένος,
1130 2813 1184 2877 τόν
1202 2809 1314 2897 χρόνον
1335 2813 1415 2880 κατὰ

242 2900 418 2980 Σιμωνίδην
434 2899 484 2960 καλ
499 2899 670 2982 Πίνδαρον.
692 2897 840 2984 aliquanto
862 2897 971 2963 rectius
986 2897 1112 2964 Saldae:
1127 2897 1166 2963 ‘O
1178 2899 1212 2962 dd
1232 2901 1282 2968 καλ
1304 2903 1417 2984 λυρικῇ

242 2984 385 3060 ἐπύθετο,
407 2991 472 3058 τοῖς
489 2979 612 3064 χρόνοις
633 2980 675 3046 ὢν
701 2981 795 3064 μετὰ
816 2983 977 3066 Πίνδαρον
997 2985 1048 3046 καὶ
1070 2985 1280 3066 Βακχυλίιλην,
1302 2987 1418 3048 Μελα-

242 3071 385 3134 cauniaco
407 3068 441 3132 ds*
462 3065 675 3152 πρεσβύτερος.
697 3067 908 3153 EtaPindari
949 3068 1044 3133 uident
1066 3067 1296 3155 etBacchylidis
1318 3076 1418 3138 aerae

241 3154 329 3256 paulo
356 3153 413 3220 suit
437 3154 593 3234 remotior,
622 3152 760 3238 {aequalis
786 3173 857 3218 vero
887 3089 1108 3242 Mdlanippidae
1134 3155 1281 3236 iunioris,
1308 3155 1358 3240 qui
1380 3175 1419 3220 eo

241 3260 307 3328 apso
329 3245 458 3326 tempore
480 3238 556 3326 apud
576 3239 750 3303 Perdiccam
771 3236 966 3305 Macedoniae
987 3251 1257 3326 regemversatus·
1270 3248 1325 3304 est.
1353 3237 1419 3306 Sed

243 3323 379 3410 quoniam
400 3323 554 3410 Diagorae
581 3345 670 3388 causa
696 3343 752 3388 nos
773 3323 861 3387 nimis
883 3321 933 3388 diu
955 3345 973 3388 a
1013 3324 1143 3412 reposito
1164 3325 1301 3406 retinuit,
1319 3325 1419 3414 'prae-

243 3417 326 3474 tereo
348 3407 422 3472 alios
444 3419 474 3472 et
493 3415 596 3496 poetas
613 3416 643 3473 et
663 3408 863 3500 philosophos,
885 3409 934 3494 qui
954 3345 1091 3482 velante
1102 3409 1149 3474 vel
1171 3409 1306 3498 proxima
1318 3416 1418 3476 aetate

170 3519 172 3523 ·
242 3495 279 3562 ah
307 3492 542 3560 Atheniensibus
571 3494 729 3582 impietatis
756 3493 884 3558 accusati
910 3501 995 3576 sunt,
1026 3493 1102 3580 quod
1131 3495 1252 3560 deorum
1278 3502 1419 3562 amoram

242 3587 272 3644 et
302 3579 478 3666 religionem
509 3580 709 3647 sustulissent.
756 3577 834 3642 Illud
868 3579 982 3664 quidem
1016 3577 1153 3668 apparetg
1186 3588 1254 3644 ante
1285 3576 1418 3646 Periclis

242 3664 391 3730 saeculum
412 3664 559 3732 neminem
581 3665 667 3728 huius
680 3663 810 3728 criminis
823 3663 986 3738 incusatum
1004 3686 1083 3746 esse,
1104 3664 1174 3732 iride
1186 3665 1222 3728 ab
1244 3664 1297 3733 illa
1315 3673 1418 3731 aetate

241 3751 399 3901 plurimos:
441 3749 540 3834 itaque
570 3757 651 3814 reete
682 3749 753 3814 mihi
786 3749 889 3816 videor
915 3749 1093 3840 Hipponem
1110 3748 1229 3816 Cratini
1261 3751 1418 3835 aequalem

256 3857 361 3900 erasse.

325 3920 395 3985 Iure
418 3925 513 3983 autem
535 3916 635 4007 Hippo
653 3939 765 4004 quoque
784 3918 901 3984 videtur
921 3918 1052 3984 eiusdem
1075 3919 1206 3986 criminis
1227 3918 1419 3988 insimulatus

242 4025 321 4086 esse,
343 4027 407 4070 cum
435 4012 589 4090 quaereret
610 4003 646 4068 de
667 4011 773 4069 natura
793 4026 892 4070 rerum
915 4012 1001 4091 atque
1023 4005 1142 4070 doceret
1161 4003 1303 4086 mundus,
1326 4005 1377 4090 qni
1400 4028 1421 4070 a

242 4089 402 4154 maioribus
414 4089 498 4174 quasi
509 4089 684 4154 domicilium
697 4089 840 4175 quoddam
852 4089 972 4157 deorum
993 4089 1110 4154 habitus
1133 4097 1208 4172 erat,
1229 4110 1286 4178 qua
1298 4091 1421 4157 ratione

242 4181 324 4238 ortus
351 4186 448 4258 esset,
479 4181 662 4262 negaretque
687 4175 841 4260 quidquam
867 4175 1021 4239 veritatem
1047 4175 1158 4242 hahere
1190 4183 1308 4264 praeter
1341 4175 1422 4240 haec

242 4259 319 4348 ipsa,
340 4280 414 4344 quae
435 4261 489 4324 sub
507 4259 656 4329 oculorum
680 4259 848 4349 adspectum
869 4260 1018 4340 caderent,
1039 4279 1113 4346 quae
1135 4260 1167 4324 in
1188 4281 1287 4324 rerum
1307 4267 1423 4325 natura

267 4344 457 4432 'gnereaturz
492 4345 530 4410 cl.
553 4343 720 4410 Scholiasta
744 4345 776 4410 in
799 4343 873 4412 coa.
894 4343 974 4457 Reg.
1002 4344 1040 4413 ad
1065 4343 1221 4411 Aristotel.
1242 4343 1422 4434 Metaphys.

104 4459 108 4468 ·
242 4365 320 4496 llil.
343 4451 372 4518 p.
392 4428 457 4498 ⁵34
483 4429 529 4495 ed.
550 4428 707 4518 Brendiszd
721 4427 829 4516 Ἔλεγε
849 4427 909 4518 γὰρ
931 4433 1079 4518 (ἐόντων)
1100 4430 1181 4515 μηδὲ
1210 4430 1311 4516 ἕτερον
1340 4426 1421 4496 εἶναι
