<?xml version="1.0" encoding="UTF-8"?>
<!DOCTYPE html PUBLIC "-//W3C//DTD XHTML 1.0 Transitional//EN"
    "http://www.w3.org/TR/xhtml1/DTD/xhtml1-transitional.dtd">
<html xmlns="http://www.w3.org/1999/xhtml" xml:lang="en" lang="en">
 <head>
  <title>
</title>
<meta http-equiv="Content-Type" content="text/html;charset=utf-8" />
  <meta name='ocr-system' content='tesseract 3.04.00' />
  <meta name='ocr-capabilities' content='ocr_page ocr_carea ocr_par ocr_line ocrx_word'/>
</head>
<body>
  <div class='ocr_page' id='page_1' title='image "./commentationumd00kggoog_0205.png"; bbox 0 0 3052 5060; ppageno 0'>
   <div class='ocr_carea' id='block_1_1' title="bbox 234 253 1019 328">
    <p class='ocr_par' dir='ltr' id='par_1_1' title="bbox 234 253 1019 328">
     <span class='ocr_line' id='line_1_1' title="bbox 234 253 1019 328; baseline -0.001 -4"><span class='ocrx_word' id='word_1_1' title='bbox 234 257 299 328; x_wconf 75' lang='lat'>170</span> <span class='ocrx_word' id='word_1_2' title='bbox 617 253 1019 327; x_wconf 78' lang='lat' dir='ltr'>COMMENTATIONES</span> 
     </span>
    </p>
   </div>
   <div class='ocr_carea' id='block_1_2' title="bbox 226 419 1519 3669">
    <p class='ocr_par' dir='ltr' id='par_1_2' title="bbox 309 419 897 504">
     <span class='ocr_line' id='line_1_2' title="bbox 309 419 897 504; baseline -0.002 -11"><span class='ocrx_word' id='word_1_3' title='bbox 309 425 416 496; x_wconf 77' lang='grc' dir='ltr'><em>Ἔστιν</em></span> <span class='ocrx_word' id='word_1_4' title='bbox 436 424 469 492; x_wconf 84' lang='grc' dir='ltr'>δ’</span> <span class='ocrx_word' id='word_1_5' title='bbox 494 423 593 504; x_wconf 81' lang='grc' dir='ltr'><em>οόδελς</em></span> <span class='ocrx_word' id='word_1_6' title='bbox 613 419 648 504; x_wconf 83' lang='grc' dir='ltr'><em>ός</em></span> <span class='ocrx_word' id='word_1_7' title='bbox 666 422 741 492; x_wconf 87' lang='grc' dir='ltr'><em>τόδε</em></span> <span class='ocrx_word' id='word_1_8' title='bbox 759 421 897 493; x_wconf 86' lang='grc' dir='ltr'><em>λεόσσων</em></span> 
     </span>
    </p>

    <p class='ocr_par' dir='ltr' id='par_1_3' title="bbox 320 511 587 596">
     <span class='ocr_line' id='line_1_3' title="bbox 320 511 587 596; baseline -0.015 -16"><span class='ocrx_word' id='word_1_9' title='bbox 320 513 401 580; x_wconf 85' lang='grc' dir='ltr'><em>Θεδν</em></span> <span class='ocrx_word' id='word_1_10' title='bbox 421 511 488 596; x_wconf 80' lang='grc' dir='ltr'><em>υόχλ</em></span> <span class='ocrx_word' id='word_1_11' title='bbox 509 518 587 591; x_wconf 73' lang='lat' dir='ltr'>roei,</span> 
     </span>
    </p>

    <p class='ocr_par' dir='ltr' id='par_1_4' title="bbox 317 593 860 686">
     <span class='ocr_line' id='line_1_4' title="bbox 317 593 860 686; baseline -0.011 -20"><span class='ocrx_word' id='word_1_12' title='bbox 317 593 566 686; x_wconf 85' lang='grc' dir='ltr'><em>Μετεωρυλόγων</em></span> <span class='ocrx_word' id='word_1_13' title='bbox 586 594 617 661; x_wconf 80' lang='grc' dir='ltr'>δ’</span> <span class='ocrx_word' id='word_1_14' title='bbox 642 593 713 672; x_wconf 68' lang='lat' dir='ltr'>iude</span> <span class='ocrx_word' id='word_1_15' title='bbox 733 593 860 681; x_wconf 63' lang='lat' dir='ltr'>departure</span> 
     </span>
    </p>

    <p class='ocr_par' dir='ltr' id='par_1_5' title="bbox 316 671 794 764">
     <span class='ocr_line' id='line_1_5' title="bbox 316 671 794 764; baseline -0.008 -15"><span class='ocrx_word' id='word_1_16' title='bbox 316 682 449 760; x_wconf 79' lang='grc' dir='ltr'><em>Σκολιδς</em></span> <span class='ocrx_word' id='word_1_17' title='bbox 468 679 605 760; x_wconf 83' lang='grc' dir='ltr'><em>όπότας,</em></span> <span class='ocrx_word' id='word_1_18' title='bbox 628 671 672 746; x_wconf 77' lang='grc' dir='ltr'><em>ὧν</em></span> <span class='ocrx_word' id='word_1_19' title='bbox 692 679 794 764; x_wconf 82' lang='grc' dir='ltr'><em>ότηρδι</em></span> 
     </span>
    </p>

    <p class='ocr_par' dir='ltr' id='par_1_6' title="bbox 315 764 943 854">
     <span class='ocr_line' id='line_1_6' title="bbox 315 764 943 854; baseline -0.003 -20"><span class='ocrx_word' id='word_1_20' title='bbox 315 769 442 834; x_wconf 84' lang='grc' dir='ltr'><em>Γλῶσσ’</em></span> <span class='ocrx_word' id='word_1_21' title='bbox 466 771 618 850; x_wconf 79' lang='grc' dir='ltr'><em>εἰκοβολεΐ</em></span> <span class='ocrx_word' id='word_1_22' title='bbox 634 769 701 854; x_wconf 76' lang='grc' dir='ltr'><em>περὶ</em></span> <span class='ocrx_word' id='word_1_23' title='bbox 722 773 785 831; x_wconf 83' lang='grc' dir='ltr'><em>τῶν</em></span> <span class='ocrx_word' id='word_1_24' title='bbox 804 764 943 852; x_wconf 80' lang='grc' dir='ltr'><em>ἀφανῶν,</em></span> 
     </span>
    </p>

    <p class='ocr_par' dir='ltr' id='par_1_7' title="bbox 226 849 1519 3414">
     <span class='ocr_line' id='line_1_7' title="bbox 319 849 758 938; baseline -0.009 -18"><span class='ocrx_word' id='word_1_25' title='bbox 319 854 419 920; x_wconf 81' lang='grc' dir='ltr'><em>Οόδίν</em></span> <span class='ocrx_word' id='word_1_26' title='bbox 438 849 561 938; x_wconf 81' lang='grc' dir='ltr'><em>γνυίμης</em></span> <span class='ocrx_word' id='word_1_27' title='bbox 579 854 758 934; x_wconf 79' lang='grc' dir='ltr'><em>μετίχουσα.</em></span> 
     </span>
     <span class='ocr_line' id='line_1_8' title="bbox 231 934 1402 1026; baseline 0.003 -21"><span class='ocrx_word' id='word_1_28' title='bbox 231 939 334 1026; x_wconf 74' lang='lat' dir='ltr'>Itaque</span> <span class='ocrx_word' id='word_1_29' title='bbox 355 939 424 1026; x_wconf 88' lang='lat' dir='ltr'>quid</span> <span class='ocrx_word' id='word_1_30' title='bbox 445 941 550 1004; x_wconf 89' lang='lat' dir='ltr'>mirum</span> <span class='ocrx_word' id='word_1_31' title='bbox 571 938 599 1002; x_wconf 90' lang='lat' dir='ltr'>si</span> <span class='ocrx_word' id='word_1_32' title='bbox 619 937 809 1026; x_wconf 89' lang='lat' dir='ltr'>philosophos</span> <span class='ocrx_word' id='word_1_33' title='bbox 829 936 909 1018; x_wconf 88' lang='lat' dir='ltr'>illos,</span> <span class='ocrx_word' id='word_1_34' title='bbox 930 934 1093 1022; x_wconf 85' lang='lat' dir='ltr'>quidivins</span> <span class='ocrx_word' id='word_1_35' title='bbox 1109 938 1279 1005; x_wconf 87' lang='lat' dir='ltr'>numinaex</span> <span class='ocrx_word' id='word_1_36' title='bbox 1300 961 1402 1009; x_wconf 85' lang='lat' dir='ltr'>rerum</span> 
     </span>
     <span class='ocr_line' id='line_1_9' title="bbox 232 1021 1403 1114; baseline 0.003 -24"><span class='ocrx_word' id='word_1_37' title='bbox 232 1032 340 1090; x_wconf 88' lang='lat' dir='ltr'>natura</span> <span class='ocrx_word' id='word_1_38' title='bbox 360 1025 445 1110; x_wconf 83' lang='lat' dir='ltr'>qnesi</span> <span class='ocrx_word' id='word_1_39' title='bbox 465 1025 548 1088; x_wconf 86' lang='lat' dir='ltr'>lorus</span> <span class='ocrx_word' id='word_1_40' title='bbox 570 1023 743 1104; x_wconf 88' lang='lat' dir='ltr'>eiecissent,</span> <span class='ocrx_word' id='word_1_41' title='bbox 764 1021 966 1087; x_wconf 76' lang='lat' dir='ltr'>Athenienses</span> <span class='ocrx_word' id='word_1_42' title='bbox 995 1028 1131 1108; x_wconf 87' lang='lat' dir='ltr'>tanquam</span> <span class='ocrx_word' id='word_1_43' title='bbox 1158 1024 1264 1114; x_wconf 92' lang='lat' dir='ltr'>impios</span> <span class='ocrx_word' id='word_1_44' title='bbox 1285 1033 1316 1092; x_wconf 91' lang='lat' dir='ltr'>et</span> <span class='ocrx_word' id='word_1_45' title='bbox 1335 1047 1403 1093; x_wconf 85' lang='lat' dir='ltr'>sce·</span> 
     </span>
     <span class='ocr_line' id='line_1_10' title="bbox 232 1106 1403 1196; baseline -0.001 -20"><span class='ocrx_word' id='word_1_46' title='bbox 232 1111 324 1176; x_wconf 78' lang='lat' dir='ltr'>testes</span> <span class='ocrx_word' id='word_1_47' title='bbox 341 1111 375 1174; x_wconf 91' lang='lat' dir='ltr'>in</span> <span class='ocrx_word' id='word_1_48' title='bbox 390 1111 437 1176; x_wconf 92' lang='lat' dir='ltr'>ius</span> <span class='ocrx_word' id='word_1_49' title='bbox 451 1115 646 1174; x_wconf 77' lang='lat' dir='ltr'>vocaverunt:</span> <span class='ocrx_word' id='word_1_50' title='bbox 668 1109 766 1194; x_wconf 78' lang='lat' dir='ltr'>itaque</span> <span class='ocrx_word' id='word_1_51' title='bbox 785 1106 965 1172; x_wconf 80' lang='lat' dir='ltr'><strong>Plutarchus</strong></span> <span class='ocrx_word' id='word_1_52' title='bbox 984 1107 1016 1171; x_wconf 92' lang='lat' dir='ltr'>in</span> <span class='ocrx_word' id='word_1_53' title='bbox 1032 1109 1121 1174; x_wconf 87' lang='lat' dir='ltr'>Nicia</span> <span class='ocrx_word' id='word_1_54' title='bbox 1143 1131 1168 1176; x_wconf 88' lang='grc' dir='ltr'>ο.</span> <span class='ocrx_word' id='word_1_55' title='bbox 1181 1113 1238 1177; x_wconf 69' lang='lat' dir='ltr'>ese</span> <span class='ocrx_word' id='word_1_56' title='bbox 1265 1111 1312 1175; x_wconf 85' lang='grc' dir='ltr'>Οδ</span> <span class='ocrx_word' id='word_1_57' title='bbox 1330 1110 1403 1196; x_wconf 80' lang='grc' dir='ltr'><em>γάρ,</em></span> 
     </span>
     <span class='ocr_line' id='line_1_11' title="bbox 233 1191 1403 1301; baseline 0.001 -40"><span class='ocrx_word' id='word_1_58' title='bbox 233 1197 290 1278; x_wconf 81' lang='lat' dir='ltr'>ait,</span> <span class='ocrx_word' id='word_1_59' title='bbox 332 1194 486 1301; x_wconf 80' lang='grc' dir='ltr'><em>ήνείχοντο</em></span> <span class='ocrx_word' id='word_1_60' title='bbox 514 1192 586 1270; x_wconf 84' lang='grc' dir='ltr'><em>τοδς</em></span> <span class='ocrx_word' id='word_1_61' title='bbox 613 1191 763 1278; x_wconf 76' lang='grc' dir='ltr'><em>φυσικοὺς</em></span> <span class='ocrx_word' id='word_1_62' title='bbox 795 1193 845 1254; x_wconf 76' lang='grc' dir='ltr'>καὶ</span> <span class='ocrx_word' id='word_1_63' title='bbox 872 1194 1119 1275; x_wconf 72' lang='grc' dir='ltr'><strong><em>μετεωρολέσχας</em></strong></span> <span class='ocrx_word' id='word_1_64' title='bbox 1147 1191 1217 1259; x_wconf 83' lang='grc' dir='ltr'><em>τότε</em></span> <span class='ocrx_word' id='word_1_65' title='bbox 1248 1198 1403 1278; x_wconf 71' lang='grc' dir='ltr'><em>καλουμέ-</em></span> 
     </span>
     <span class='ocr_line' id='line_1_12' title="bbox 232 1273 1404 1366; baseline 0.002 -22"><span class='ocrx_word' id='word_1_66' title='bbox 232 1305 305 1356; x_wconf 90' lang='grc' dir='ltr'><em>νους</em></span> <span class='ocrx_word' id='word_1_67' title='bbox 324 1305 366 1356; x_wconf 91' lang='grc' dir='ltr'><em>ως</em></span> <span class='ocrx_word' id='word_1_68' title='bbox 387 1283 430 1357; x_wconf 85' lang='grc' dir='ltr'><em>είς</em></span> <span class='ocrx_word' id='word_1_69' title='bbox 450 1280 550 1354; x_wconf 77' lang='grc' dir='ltr'><em>αἰτίας</em></span> <span class='ocrx_word' id='word_1_70' title='bbox 565 1276 694 1362; x_wconf 78' lang='grc' dir='ltr'><em>ἀλόγους</em></span> <span class='ocrx_word' id='word_1_71' title='bbox 715 1279 766 1341; x_wconf 78' lang='grc' dir='ltr'>καί</span> <span class='ocrx_word' id='word_1_72' title='bbox 787 1273 931 1356; x_wconf 79' lang='grc' dir='ltr'><em>δυνάμεις</em></span> <span class='ocrx_word' id='word_1_73' title='bbox 950 1275 1159 1362; x_wconf 78' lang='grc' dir='ltr'><em>ἀπρονοήτους</em></span> <span class='ocrx_word' id='word_1_74' title='bbox 1175 1282 1226 1344; x_wconf 81' lang='grc' dir='ltr'>καὶ</span> <span class='ocrx_word' id='word_1_75' title='bbox 1248 1306 1404 1366; x_wconf 86' lang='grc' dir='ltr'><em>κατηναγ-</em></span> 
     </span>
     <span class='ocr_line' id='line_1_13' title="bbox 232 1358 1403 1464; baseline 0.003 -34"><span class='ocrx_word' id='word_1_76' title='bbox 232 1365 370 1446; x_wconf 84' lang='grc' dir='ltr'><em>κασμίνα</em></span> <span class='ocrx_word' id='word_1_77' title='bbox 397 1361 487 1446; x_wconf 74' lang='grc' dir='ltr'><em>νόθη</em></span> <span class='ocrx_word' id='word_1_78' title='bbox 518 1366 733 1464; x_wconf 76' lang='grc' dir='ltr'><em>διατρίβοντας</em></span> <span class='ocrx_word' id='word_1_79' title='bbox 757 1358 793 1426; x_wconf 84' lang='grc' dir='ltr'>τό</span> <span class='ocrx_word' id='word_1_80' title='bbox 819 1366 917 1462; x_wconf 39' lang='grc' dir='ltr'><em>θείαν..</em></span> <span class='ocrx_word' id='word_1_81' title='bbox 959 1361 1058 1437; x_wconf 76' lang='lat' dir='ltr'>Quare</span> <span class='ocrx_word' id='word_1_82' title='bbox 1082 1364 1302 1454; x_wconf 75' lang='lat' dir='ltr'>Anaxagoras,</span> <span class='ocrx_word' id='word_1_83' title='bbox 1336 1389 1403 1435; x_wconf 84' lang='lat' dir='ltr'>cuna</span> 
     </span>
     <span class='ocr_line' id='line_1_14' title="bbox 231 1447 1404 1625; baseline 0.001 -24"><span class='ocrx_word' id='word_1_84' title='bbox 231 1449 936 1625; x_wconf 54' lang='lat' dir='ltr'>llllllllltllshltll‘lvttlt</span> <span class='ocrx_word' id='word_1_85' title='bbox 955 1447 1404 1620; x_wconf 64' lang='lat' dir='ltr'>lltfflelltitlttdtt</span> 
     </span>
     <span class='ocr_line' id='line_1_15' title="bbox 231 1614 1403 1708; baseline 0.003 -23"><span class='ocrx_word' id='word_1_86' title='bbox 231 1621 402 1699; x_wconf 77' lang='grc' dir='ltr'><em>πυλόθεον,</em></span> <span class='ocrx_word' id='word_1_87' title='bbox 443 1616 481 1702; x_wconf 77' lang='grc' dir='ltr'><em>ἣν</em></span> <span class='ocrx_word' id='word_1_88' title='bbox 507 1618 658 1704; x_wconf 70' lang='grc' dir='ltr'>πρῶτοςι</span> <span class='ocrx_word' id='word_1_89' title='bbox 709 1614 808 1702; x_wconf 83' lang='grc' dir='ltr'><em>λήνων</em></span> <span class='ocrx_word' id='word_1_90' title='bbox 826 1614 1033 1703; x_wconf 77' lang='grc' dir='ltr'><em>Ἀναξαγόρας</em></span> <span class='ocrx_word' id='word_1_91' title='bbox 1057 1621 1109 1684; x_wconf 84' lang='grc' dir='ltr'>καλ</span> <span class='ocrx_word' id='word_1_92' title='bbox 1137 1620 1166 1685; x_wconf 79' lang='lat' dir='ltr'>ol</span> <span class='ocrx_word' id='word_1_93' title='bbox 1190 1621 1274 1708; x_wconf 79' lang='grc' dir='ltr'><em>ἀμφ’</em></span> <span class='ocrx_word' id='word_1_94' title='bbox 1306 1621 1403 1689; x_wconf 82' lang='grc' dir='ltr'><em>αότδν</em></span> 
     </span>
     <span class='ocr_line' id='line_1_16' title="bbox 231 1703 1404 1806; baseline -0.002 -34"><span class='ocrx_word' id='word_1_95' title='bbox 231 1705 415 1790; x_wconf 73' lang='grc' dir='ltr'><em>ἐξήνεγκαν.)</em></span> <span class='ocrx_word' id='word_1_96' title='bbox 436 1706 485 1771; x_wconf 83' lang='lat' dir='ltr'>vir</span> <span class='ocrx_word' id='word_1_97' title='bbox 505 1705 653 1790; x_wconf 88' lang='lat' dir='ltr'>ceteroqui</span> <span class='ocrx_word' id='word_1_98' title='bbox 672 1705 739 1794; x_wconf 89' lang='lat' dir='ltr'>pius</span> <span class='ocrx_word' id='word_1_99' title='bbox 760 1710 791 1768; x_wconf 89' lang='lat' dir='ltr'>et</span> <span class='ocrx_word' id='word_1_100' title='bbox 810 1703 931 1791; x_wconf 89' lang='lat' dir='ltr'>prohus,</span> <span class='ocrx_word' id='word_1_101' title='bbox 952 1703 985 1768; x_wconf 90' lang='lat' dir='ltr'>iu</span> <span class='ocrx_word' id='word_1_102' title='bbox 1005 1705 1117 1770; x_wconf 85' lang='lat' dir='ltr'>crimen</span> <span class='ocrx_word' id='word_1_103' title='bbox 1137 1705 1295 1806; x_wconf 80' lang='lat' dir='ltr'>impietatis</span> <span class='ocrx_word' id='word_1_104' title='bbox 1312 1729 1404 1776; x_wconf 72' lang='lat' dir='ltr'>voca·</span> 
     </span>
     <span class='ocr_line' id='line_1_17' title="bbox 230 1787 1403 1876; baseline 0.002 -18"><span class='ocrx_word' id='word_1_105' title='bbox 230 1799 279 1858; x_wconf 83' lang='lat' dir='ltr'>tus</span> <span class='ocrx_word' id='word_1_106' title='bbox 300 1799 361 1857; x_wconf 89' lang='lat' dir='ltr'>est:</span> <span class='ocrx_word' id='word_1_107' title='bbox 383 1791 466 1856; x_wconf 88' lang='lat' dir='ltr'>cuius</span> <span class='ocrx_word' id='word_1_108' title='bbox 487 1789 682 1856; x_wconf 85' lang='lat' dir='ltr'>damnationis</span> <span class='ocrx_word' id='word_1_109' title='bbox 703 1787 928 1876; x_wconf 84' lang='lat' dir='ltr'>Thucydidem,</span> <span class='ocrx_word' id='word_1_110' title='bbox 949 1789 1077 1856; x_wconf 79' lang='lat' dir='ltr'><strong>Periclis</strong></span> <span class='ocrx_word' id='word_1_111' title='bbox 1099 1811 1274 1858; x_wconf 78' lang='lat' dir='ltr'>acarnanum</span> <span class='ocrx_word' id='word_1_112' title='bbox 1295 1793 1403 1860; x_wconf 79' lang='lat' dir='ltr'>adver·</span> 
     </span>
     <span class='ocr_line' id='line_1_18' title="bbox 231 1875 1402 2026; baseline 0.003 -84"><span class='ocrx_word' id='word_1_113' title='bbox 231 1878 360 1960; x_wconf 85' lang='lat' dir='ltr'>sarium,</span> <span class='ocrx_word' id='word_1_114' title='bbox 380 1883 685 2026; x_wconf 61' lang='lat' dir='ltr'>propupuatoremque</span> <span class='ocrx_word' id='word_1_115' title='bbox 704 1875 865 1964; x_wconf 85' lang='lat' dir='ltr'>patriorum</span> <span class='ocrx_word' id='word_1_116' title='bbox 886 1895 999 1974; x_wconf 77' lang='lat' dir='ltr'>merum</span> <span class='ocrx_word' id='word_1_117' title='bbox 1020 1882 1107 1961; x_wconf 89' lang='lat' dir='ltr'>atque</span> <span class='ocrx_word' id='word_1_118' title='bbox 1127 1876 1306 1965; x_wconf 73' lang='lat' dir='ltr'>religionum</span> <span class='ocrx_word' id='word_1_119' title='bbox 1327 1879 1402 1945; x_wconf 84' lang='lat' dir='ltr'>lide·</span> 
     </span>
     <span class='ocr_line' id='line_1_19' title="bbox 230 1960 1402 2066; baseline 0.002 -38"><span class='ocrx_word' id='word_1_120' title='bbox 230 1963 392 2042; x_wconf 76' lang='lat' dir='ltr'>herimum,</span> <span class='ocrx_word' id='word_1_121' title='bbox 425 1985 474 2028; x_wconf 90' lang='lat' dir='ltr'>cre</span> <span class='ocrx_word' id='word_1_122' title='bbox 495 1983 574 2027; x_wconf 87' lang='lat' dir='ltr'>erem</span> <span class='ocrx_word' id='word_1_123' title='bbox 608 1968 756 2026; x_wconf 76' lang='lat' dir='ltr'>auctorem</span> <span class='ocrx_word' id='word_1_124' title='bbox 788 1981 873 2042; x_wconf 86' lang='lat' dir='ltr'>esse,</span> <span class='ocrx_word' id='word_1_125' title='bbox 915 1960 946 2025; x_wconf 80' lang='lat' dir='ltr'>id</span> <span class='ocrx_word' id='word_1_126' title='bbox 976 1960 1053 2045; x_wconf 89' lang='lat' dir='ltr'>qnod</span> <span class='ocrx_word' id='word_1_127' title='bbox 1080 1960 1208 2048; x_wconf 84' lang='lat' dir='ltr'>Satyrus</span> <span class='ocrx_word' id='word_1_128' title='bbox 1237 1985 1284 2053; x_wconf 86' lang='lat' dir='ltr'>ap.</span> <span class='ocrx_word' id='word_1_129' title='bbox 1305 1963 1402 2066; x_wconf 69' lang='lat' dir='ltr'>Diog.</span> 
     </span>
     <span class='ocr_line' id='line_1_20' title="bbox 230 2043 1402 2134; baseline -0.003 -20"><span class='ocrx_word' id='word_1_130' title='bbox 230 2047 337 2114; x_wconf 85' lang='lat' dir='ltr'>Laert.</span> <span class='ocrx_word' id='word_1_131' title='bbox 357 2047 400 2113; x_wconf 86' lang='lat'>11.</span> <span class='ocrx_word' id='word_1_132' title='bbox 422 2048 463 2112; x_wconf 72' lang='lat'>12</span> <span class='ocrx_word' id='word_1_133' title='bbox 489 2047 648 2111; x_wconf 88' lang='lat' dir='ltr'>memoriae</span> <span class='ocrx_word' id='word_1_134' title='bbox 674 2045 819 2133; x_wconf 82' lang='lat' dir='ltr'>prodidit,</span> <span class='ocrx_word' id='word_1_135' title='bbox 847 2043 875 2108; x_wconf 86' lang='lat' dir='ltr'>si</span> <span class='ocrx_word' id='word_1_136' title='bbox 895 2044 926 2109; x_wconf 95' lang='lat' dir='ltr'>id</span> <span class='ocrx_word' id='word_1_137' title='bbox 948 2051 1110 2134; x_wconf 90' lang='lat' dir='ltr'>temporum</span> <span class='ocrx_word' id='word_1_138' title='bbox 1130 2048 1239 2113; x_wconf 88' lang='lat' dir='ltr'>rationi</span> <span class='ocrx_word' id='word_1_139' title='bbox 1260 2071 1402 2116; x_wconf 71' lang='lat' dir='ltr'>consem-</span> 
     </span>
     <span class='ocr_line' id='line_1_21' title="bbox 229 2127 1401 2216; baseline 0.003 -17"><span class='ocrx_word' id='word_1_140' title='bbox 229 2140 292 2200; x_wconf 89' lang='lat' dir='ltr'>ret:</span> <span class='ocrx_word' id='word_1_141' title='bbox 324 2131 403 2197; x_wconf 88' lang='lat' dir='ltr'>cadit</span> <span class='ocrx_word' id='word_1_142' title='bbox 423 2131 499 2196; x_wconf 92' lang='lat' dir='ltr'>enim</span> <span class='ocrx_word' id='word_1_143' title='bbox 522 2131 575 2196; x_wconf 87' lang='lat' dir='ltr'>illa</span> <span class='ocrx_word' id='word_1_144' title='bbox 596 2131 742 2196; x_wconf 80' lang='lat' dir='ltr'>accusatio</span> <span class='ocrx_word' id='word_1_145' title='bbox 762 2130 795 2194; x_wconf 92' lang='lat' dir='ltr'>in</span> <span class='ocrx_word' id='word_1_146' title='bbox 816 2127 995 2216; x_wconf 82' lang='lat' dir='ltr'>Euthydemi</span> <span class='ocrx_word' id='word_1_147' title='bbox 1017 2151 1143 2214; x_wconf 84' lang='lat' dir='ltr'>anuum,</span> <span class='ocrx_word' id='word_1_148' title='bbox 1169 2135 1223 2198; x_wconf 87' lang='lat' dir='ltr'>suh</span> <span class='ocrx_word' id='word_1_149' title='bbox 1244 2135 1306 2200; x_wconf 71' lang='lat' dir='ltr'>hoc*</span> <span class='ocrx_word' id='word_1_150' title='bbox 1321 2153 1401 2202; x_wconf 84' lang='lat' dir='ltr'>auno</span> 
     </span>
     <span class='ocr_line' id='line_1_22' title="bbox 230 2214 1401 2304; baseline 0.003 -21"><span class='ocrx_word' id='word_1_151' title='bbox 230 2224 311 2284; x_wconf 86' lang='lat' dir='ltr'>certe</span> <span class='ocrx_word' id='word_1_152' title='bbox 324 2217 449 2282; x_wconf 89' lang='lat' dir='ltr'>Diodor.</span> <span class='ocrx_word' id='word_1_153' title='bbox 461 2215 530 2282; x_wconf 89' lang='lat' dir='ltr'>Xll.</span> <span class='ocrx_word' id='word_1_154' title='bbox 542 2217 585 2282; x_wconf 86' lang='grc'>39</span> <span class='ocrx_word' id='word_1_155' title='bbox 600 2215 677 2280; x_wconf 81' lang='lat' dir='ltr'>hauc</span> <span class='ocrx_word' id='word_1_156' title='bbox 692 2237 753 2282; x_wconf 90' lang='lat' dir='ltr'>rem</span> <span class='ocrx_word' id='word_1_157' title='bbox 768 2214 911 2280; x_wconf 86' lang='lat' dir='ltr'>accidisse</span> <span class='ocrx_word' id='word_1_158' title='bbox 944 2215 1052 2281; x_wconf 89' lang='lat' dir='ltr'>rodidit</span> <span class='ocrx_word' id='word_1_159' title='bbox 1065 2217 1238 2284; x_wconf 79' lang='lat' dir='ltr'>memoriae:</span> <span class='ocrx_word' id='word_1_160' title='bbox 1260 2217 1352 2304; x_wconf 85' lang='grc' dir='ltr'><em>Πρὸς</em></span> <span class='ocrx_word' id='word_1_161' title='bbox 1366 2221 1401 2286; x_wconf 82' lang='lat' dir='ltr'>dd</span> 
     </span>
     <span class='ocr_line' id='line_1_23' title="bbox 229 2236 1401 2390; baseline 0.002 -22"><span class='ocrx_word' id='word_1_162' title='bbox 229 2299 350 2378; x_wconf 85' lang='grc' dir='ltr'><em>τοότοις</em></span> <span class='ocrx_word' id='word_1_163' title='bbox 370 2297 579 2386; x_wconf 79' lang='grc' dir='ltr'><em>Ἀναξαγόραν</em></span> <span class='ocrx_word' id='word_1_164' title='bbox 606 2298 662 2364; x_wconf 86' lang='grc' dir='ltr'><em>τόν</em></span> <span class='ocrx_word' id='word_1_165' title='bbox 694 2295 859 2384; x_wconf 87' lang='grc' dir='ltr'><em>σοφιστήν,</em></span> <span class='ocrx_word' id='word_1_166' title='bbox 892 2236 1079 2364; x_wconf 74' lang='grc' dir='ltr'><em>διδάσκαλον</em></span> <span class='ocrx_word' id='word_1_167' title='bbox 1111 2299 1185 2366; x_wconf 89' lang='grc' dir='ltr'><em>όντα</em></span> <span class='ocrx_word' id='word_1_168' title='bbox 1211 2305 1401 2390; x_wconf 77' lang='grc' dir='ltr'><em>Περικλέους</em></span> 
     </span>
     <span class='ocr_line' id='line_1_24' title="bbox 228 2380 1402 2480; baseline 0.003 -27"><span class='ocrx_word' id='word_1_169' title='bbox 228 2384 273 2463; x_wconf 80' lang='grc' dir='ltr'><em>ὡς</em></span> <span class='ocrx_word' id='word_1_170' title='bbox 292 2386 464 2468; x_wconf 78' lang='grc' dir='ltr'><em>ἀσεβοῦντα</em></span> <span class='ocrx_word' id='word_1_171' title='bbox 492 2388 535 2461; x_wconf 78' lang='grc' dir='ltr'><em>είς</em></span> <span class='ocrx_word' id='word_1_172' title='bbox 560 2384 633 2461; x_wconf 64' lang='lat' dir='ltr'>rode</span> <span class='ocrx_word' id='word_1_173' title='bbox 657 2383 752 2460; x_wconf 67' lang='grc' dir='ltr'><em>θεοὺς</em></span> <span class='ocrx_word' id='word_1_174' title='bbox 777 2380 1014 2472; x_wconf 72' lang='grc' dir='ltr'><em>ἐσυκοφάντουν.</em></span> <span class='ocrx_word' id='word_1_175' title='bbox 1056 2385 1125 2451; x_wconf 88' lang='lat' dir='ltr'>Hoc</span> <span class='ocrx_word' id='word_1_176' title='bbox 1145 2395 1241 2454; x_wconf 87' lang='lat' dir='ltr'>autem</span> <span class='ocrx_word' id='word_1_177' title='bbox 1266 2397 1402 2480; x_wconf 77' lang='lat' dir='ltr'>tempore</span> 
     </span>
     <span class='ocr_line' id='line_1_25' title="bbox 230 2467 1401 2560; baseline 0.003 -21"><span class='ocrx_word' id='word_1_178' title='bbox 230 2471 437 2560; x_wconf 82' lang='lat' dir='ltr'>Thucydidem</span> <span class='ocrx_word' id='word_1_179' title='bbox 468 2471 596 2536; x_wconf 86' lang='lat' dir='ltr'>erebus</span> <span class='ocrx_word' id='word_1_180' title='bbox 621 2470 746 2558; x_wconf 85' lang='lat' dir='ltr'>puhlicis</span> <span class='ocrx_word' id='word_1_181' title='bbox 774 2467 902 2536; x_wconf 77' lang='lat' dir='ltr'>sumnum</span> <span class='ocrx_word' id='word_1_182' title='bbox 948 2491 1050 2536; x_wconf 88' lang='lat' dir='ltr'>rursus</span> <span class='ocrx_word' id='word_1_183' title='bbox 1072 2474 1217 2539; x_wconf 82' lang='lat' dir='ltr'>avertisse</span> <span class='ocrx_word' id='word_1_184' title='bbox 1243 2482 1401 2542; x_wconf 64' lang='lat' dir='ltr'>censente»</span> 
     </span>
     <span class='ocr_line' id='line_1_26' title="bbox 230 2491 1401 2640; baseline 0.005 -18"><span class='ocrx_word' id='word_1_185' title='bbox 230 2580 318 2624; x_wconf 92' lang='lat' dir='ltr'>neum</span> <span class='ocrx_word' id='word_1_186' title='bbox 344 2565 399 2623; x_wconf 83' lang='lat' dir='ltr'>est.</span> <span class='ocrx_word' id='word_1_187' title='bbox 440 2557 543 2640; x_wconf 83' lang='lat' dir='ltr'>Itaque</span> <span class='ocrx_word' id='word_1_188' title='bbox 575 2577 677 2620; x_wconf 88' lang='lat' dir='ltr'>verum</span> <span class='ocrx_word' id='word_1_189' title='bbox 704 2555 834 2630; x_wconf 85' lang='lat' dir='ltr'>videtur,</span> <span class='ocrx_word' id='word_1_190' title='bbox 868 2491 946 2640; x_wconf 79' lang='lat' dir='ltr'>quel</span> <span class='ocrx_word' id='word_1_191' title='bbox 970 2555 1148 2622; x_wconf 82' lang='lat' dir='ltr'>Plutarchus</span> <span class='ocrx_word' id='word_1_192' title='bbox 1182 2559 1254 2626; x_wconf 85' lang='lat' dir='ltr'>dicit</span> <span class='ocrx_word' id='word_1_193' title='bbox 1278 2562 1311 2626; x_wconf 92' lang='lat' dir='ltr'>iu</span> <span class='ocrx_word' id='word_1_194' title='bbox 1338 2563 1401 2628; x_wconf 77' lang='lat' dir='ltr'>vita</span> 
     </span>
     <span class='ocr_line' id='line_1_27' title="bbox 229 2639 1400 2732; baseline 0.003 -22"><span class='ocrx_word' id='word_1_195' title='bbox 229 2643 358 2710; x_wconf 78' lang='lat' dir='ltr'>Periclis</span> <span class='ocrx_word' id='word_1_196' title='bbox 380 2643 457 2710; x_wconf 71' lang='grc' dir='ltr'>ο.3λ</span> <span class='ocrx_word' id='word_1_197' title='bbox 474 2641 644 2730; x_wconf 88' lang='lat' dir='ltr'>Diopithem</span> <span class='ocrx_word' id='word_1_198' title='bbox 665 2639 695 2706; x_wconf 90' lang='lat' dir='ltr'>le</span> <span class='ocrx_word' id='word_1_199' title='bbox 718 2663 765 2706; x_wconf 92' lang='lat' dir='ltr'>em</span> <span class='ocrx_word' id='word_1_200' title='bbox 785 2640 889 2707; x_wconf 85' lang='lat' dir='ltr'>hulisse</span> <span class='ocrx_word' id='word_1_201' title='bbox 905 2647 1008 2706; x_wconf 87' lang='lat' dir='ltr'>contra</span> <span class='ocrx_word' id='word_1_202' title='bbox 1028 2642 1219 2732; x_wconf 89' lang='lat' dir='ltr'>philosophos</span> <span class='ocrx_word' id='word_1_203' title='bbox 1241 2645 1278 2712; x_wconf 90' lang='lat' dir='ltr'>de</span> <span class='ocrx_word' id='word_1_204' title='bbox 1298 2667 1400 2715; x_wconf 86' lang='lat' dir='ltr'>rerum</span> 
     </span>
     <span class='ocr_line' id='line_1_28' title="bbox 229 2723 1519 2876; baseline 0.002 -80"><span class='ocrx_word' id='word_1_205' title='bbox 229 2735 337 2797; x_wconf 81' lang='lat' dir='ltr'>natura</span> <span class='ocrx_word' id='word_1_206' title='bbox 357 2735 548 2814; x_wconf 83' lang='lat' dir='ltr'>quaerentes,</span> <span class='ocrx_word' id='word_1_207' title='bbox 575 2748 633 2816; x_wconf 82' lang='lat' dir='ltr'>quc</span> <span class='ocrx_word' id='word_1_208' title='bbox 653 2726 702 2812; x_wconf 89' lang='lat' dir='ltr'>qui</span> <span class='ocrx_word' id='word_1_209' title='bbox 741 2749 768 2792; x_wconf 92' lang='lat' dir='ltr'>m</span> <span class='ocrx_word' id='word_1_210' title='bbox 795 2726 865 2834; x_wconf 68' lang='lat' dir='ltr'>lege</span> <span class='ocrx_word' id='word_1_211' title='bbox 885 2723 1100 2876; x_wconf 64' lang='lat' dir='ltr'>Anaxepormn</span> <span class='ocrx_word' id='word_1_212' title='bbox 1121 2731 1303 2818; x_wconf 84' lang='lat' dir='ltr'>potissimum</span> <span class='ocrx_word' id='word_1_213' title='bbox 1323 2734 1401 2822; x_wconf 77' lang='lat' dir='ltr'>peti·</span> <span class='ocrx_word' id='word_1_214' title='bbox 1518 2753 1519 2760; x_wconf 52' lang='lat'>¹</span> 
     </span>
     <span class='ocr_line' id='line_1_29' title="bbox 228 2808 1400 2899; baseline 0 -17"><span class='ocrx_word' id='word_1_215' title='bbox 228 2817 326 2882; x_wconf 80' lang='lat' dir='ltr'>verit:</span> <span class='ocrx_word' id='word_1_216' title='bbox 357 2816 423 2879; x_wconf 84' lang='lat' dir='ltr'>Kal</span> <span class='ocrx_word' id='word_1_217' title='bbox 450 2808 602 2899; x_wconf 80' lang='grc' dir='ltr'><em>ψήφισμα</em></span> <span class='ocrx_word' id='word_1_218' title='bbox 624 2813 798 2894; x_wconf 73' lang='grc' dir='ltr'><em>Διοπείθης</em></span> <span class='ocrx_word' id='word_1_219' title='bbox 825 2813 960 2898; x_wconf 78' lang='grc' dir='ltr'><em>ίγραφεν</em></span> <span class='ocrx_word' id='word_1_220' title='bbox 985 2813 1233 2898; x_wconf 76' lang='grc' dir='ltr'><em>εσαγγίλλεσθαι</em></span> <span class='ocrx_word' id='word_1_221' title='bbox 1259 2817 1333 2894; x_wconf 83' lang='grc' dir='ltr'><em>τοδς</em></span> <span class='ocrx_word' id='word_1_222' title='bbox 1359 2817 1400 2886; x_wconf 75' lang='lat' dir='ltr'>cul</span> 
     </span>
     <span class='ocr_line' id='line_1_30' title="bbox 227 2894 1401 2984; baseline 0.002 -18"><span class='ocrx_word' id='word_1_223' title='bbox 227 2905 301 2966; x_wconf 75' lang='grc' dir='ltr'><em>θεία</em></span> <span class='ocrx_word' id='word_1_224' title='bbox 321 2899 366 2984; x_wconf 83' lang='grc' dir='ltr'>μή</span> <span class='ocrx_word' id='word_1_225' title='bbox 378 2901 555 2982; x_wconf 78' lang='grc' dir='ltr'><em>νομίζοντας</em></span> <span class='ocrx_word' id='word_1_226' title='bbox 574 2895 594 2980; x_wconf 70' lang='lat' dir='ltr'>ll</span> <span class='ocrx_word' id='word_1_227' title='bbox 610 2894 719 2981; x_wconf 83' lang='grc' dir='ltr'><em>λόγους</em></span> <span class='ocrx_word' id='word_1_228' title='bbox 738 2897 805 2981; x_wconf 72' lang='grc' dir='ltr'><em>περὶ</em></span> <span class='ocrx_word' id='word_1_229' title='bbox 825 2901 889 2962; x_wconf 83' lang='grc' dir='ltr'><em>τῶν</em></span> <span class='ocrx_word' id='word_1_230' title='bbox 907 2900 1080 2980; x_wconf 84' lang='grc' dir='ltr'><em>μεταρσίων</em></span> <span class='ocrx_word' id='word_1_231' title='bbox 1090 2895 1301 2981; x_wconf 78' lang='grc' dir='ltr'><em>διδάσκοντας,</em></span> <span class='ocrx_word' id='word_1_232' title='bbox 1322 2902 1401 2969; x_wconf 74' lang='grc' dir='ltr'><em>εἰπε·</em></span> 
     </span>
     <span class='ocr_line' id='line_1_31' title="bbox 229 2978 1398 3077; baseline -0.003 -26"><span class='ocrx_word' id='word_1_233' title='bbox 229 2983 401 3072; x_wconf 81' lang='grc' dir='ltr'><em>ριιδόμενος</em></span> <span class='ocrx_word' id='word_1_234' title='bbox 421 2988 463 3060; x_wconf 75' lang='grc' dir='ltr'><em>εἰς</em></span> <span class='ocrx_word' id='word_1_235' title='bbox 483 2983 637 3069; x_wconf 85' lang='grc' dir='ltr'><em>Περικλία</em></span> <span class='ocrx_word' id='word_1_236' title='bbox 659 2981 704 3047; x_wconf 71' lang='grc' dir='ltr'>δι’</span> <span class='ocrx_word' id='word_1_237' title='bbox 722 2978 929 3067; x_wconf 79' lang='grc' dir='ltr'><em>Ἀναξαγόρου</em></span> <span class='ocrx_word' id='word_1_238' title='bbox 950 2982 1011 3066; x_wconf 84' lang='grc' dir='ltr'><em>τήν</em></span> <span class='ocrx_word' id='word_1_239' title='bbox 1026 2979 1183 3050; x_wconf 73' lang='grc' dir='ltr'><em>ὑπόνοιαν.</em></span> <span class='ocrx_word' id='word_1_240' title='bbox 1225 2987 1398 3077; x_wconf 79' lang='lat' dir='ltr'>Diupithem</span> 
     </span>
     <span class='ocr_line' id='line_1_32' title="bbox 229 3068 1397 3157; baseline 0.004 -21"><span class='ocrx_word' id='word_1_241' title='bbox 229 3080 324 3136; x_wconf 86' lang='lat' dir='ltr'>autem</span> <span class='ocrx_word' id='word_1_242' title='bbox 347 3071 435 3135; x_wconf 89' lang='lat' dir='ltr'>talem</span> <span class='ocrx_word' id='word_1_243' title='bbox 455 3070 553 3156; x_wconf 79' lang='lat' dir='ltr'>legem</span> <span class='ocrx_word' id='word_1_244' title='bbox 575 3069 679 3133; x_wconf 85' lang='lat' dir='ltr'>tulisse</span> <span class='ocrx_word' id='word_1_245' title='bbox 696 3069 761 3133; x_wconf 88' lang='lat' dir='ltr'>veri</span> <span class='ocrx_word' id='word_1_246' title='bbox 782 3074 828 3134; x_wconf 87' lang='lat' dir='ltr'>est</span> <span class='ocrx_word' id='word_1_247' title='bbox 849 3068 1038 3150; x_wconf 89' lang='lat' dir='ltr'>simillimum,</span> <span class='ocrx_word' id='word_1_248' title='bbox 1059 3071 1291 3157; x_wconf 87' lang='lat' dir='ltr'>quandoquidem</span> <span class='ocrx_word' id='word_1_249' title='bbox 1306 3076 1397 3141; x_wconf 90' lang='lat' dir='ltr'>rehns</span> 
     </span>
     <span class='ocr_line' id='line_1_33' title="bbox 229 3153 1398 3242; baseline 0.006 -23"><span class='ocrx_word' id='word_1_250' title='bbox 229 3155 338 3220; x_wconf 90' lang='lat' dir='ltr'>divinis</span> <span class='ocrx_word' id='word_1_251' title='bbox 359 3155 525 3242; x_wconf 83' lang='lat' dir='ltr'>praefuisse</span> <span class='ocrx_word' id='word_1_252' title='bbox 540 3161 570 3217; x_wconf 92' lang='lat' dir='ltr'>et</span> <span class='ocrx_word' id='word_1_253' title='bbox 590 3153 760 3242; x_wconf 87' lang='lat' dir='ltr'>interpretis</span> <span class='ocrx_word' id='word_1_254' title='bbox 782 3173 932 3217; x_wconf 85' lang='lat' dir='ltr'>sacrorum</span> <span class='ocrx_word' id='word_1_255' title='bbox 953 3173 1075 3220; x_wconf 87' lang='lat' dir='ltr'>munere</span> <span class='ocrx_word' id='word_1_256' title='bbox 1095 3155 1213 3222; x_wconf 85' lang='lat' dir='ltr'>functus</span> <span class='ocrx_word' id='word_1_257' title='bbox 1236 3160 1398 3226; x_wconf 79' lang='lat' dir='ltr'>esseuide·</span> 
     </span>
     <span class='ocr_line' id='line_1_34' title="bbox 228 3237 1397 3334; baseline 0 -30"><span class='ocrx_word' id='word_1_258' title='bbox 228 3247 291 3304; x_wconf 88' lang='lat' dir='ltr'>tur:</span> <span class='ocrx_word' id='word_1_259' title='bbox 320 3247 399 3304; x_wconf 88' lang='lat' dir='ltr'>certe</span> <span class='ocrx_word' id='word_1_260' title='bbox 420 3238 638 3328; x_wconf 81' lang='lat' dir='ltr'>Aristophanes</span> <span class='ocrx_word' id='word_1_261' title='bbox 668 3260 735 3302; x_wconf 91' lang='lat' dir='ltr'>eum</span> <span class='ocrx_word' id='word_1_262' title='bbox 761 3259 826 3304; x_wconf 90' lang='lat' dir='ltr'>cnm</span> <span class='ocrx_word' id='word_1_263' title='bbox 847 3237 1003 3327; x_wconf 80' lang='lat' dir='ltr'>Lampone</span> <span class='ocrx_word' id='word_1_264' title='bbox 1030 3246 1168 3330; x_wconf 66' lang='lat' dir='ltr'>mquam</span> <span class='ocrx_word' id='word_1_265' title='bbox 1189 3241 1306 3334; x_wconf 77' lang='lat' dir='ltr'>collega</span> <span class='ocrx_word' id='word_1_266' title='bbox 1327 3267 1397 3313; x_wconf 80' lang='lat' dir='ltr'>con.</span> 
     </span>
     <span class='ocr_line' id='line_1_35' title="bbox 226 3323 658 3414; baseline -0.005 -24"><span class='ocrx_word' id='word_1_267' title='bbox 226 3324 325 3414; x_wconf 83' lang='lat' dir='ltr'>iungit</span> <span class='ocrx_word' id='word_1_268' title='bbox 345 3324 377 3388; x_wconf 91' lang='lat' dir='ltr'>iu</span> <span class='ocrx_word' id='word_1_269' title='bbox 397 3323 513 3389; x_wconf 90' lang='lat' dir='ltr'>Avihus</span> <span class='ocrx_word' id='word_1_270' title='bbox 534 3345 563 3388; x_wconf 81' lang='grc' dir='ltr'>τ.</span> <span class='ocrx_word' id='word_1_271' title='bbox 579 3323 658 3388; x_wconf 84' lang='grc'>987;</span> 
     </span>
    </p>

    <p class='ocr_par' dir='ltr' id='par_1_8' title="bbox 312 3405 1078 3496">
     <span class='ocr_line' id='line_1_36' title="bbox 312 3405 1078 3496; baseline -0.001 -23"><span class='ocrx_word' id='word_1_272' title='bbox 312 3410 377 3473; x_wconf 75' lang='grc' dir='ltr'><em>Καὶ</em></span> <span class='ocrx_word' id='word_1_273' title='bbox 400 3409 507 3492; x_wconf 78' lang='grc' dir='ltr'><em>φείδου</em></span> <span class='ocrx_word' id='word_1_274' title='bbox 527 3408 623 3491; x_wconf 72' lang='grc' dir='ltr'><em>μηδὲν</em></span> <span class='ocrx_word' id='word_1_275' title='bbox 642 3405 719 3490; x_wconf 85' lang='grc' dir='ltr'><em>μηδ’</em></span> <span class='ocrx_word' id='word_1_276' title='bbox 743 3407 845 3471; x_wconf 74' lang='grc' dir='ltr'><em>αἰετοῦ</em></span> <span class='ocrx_word' id='word_1_277' title='bbox 867 3407 900 3472; x_wconf 80' lang='grc' dir='ltr'><em>δν</em></span> <span class='ocrx_word' id='word_1_278' title='bbox 918 3406 1078 3496; x_wconf 70' lang='grc' dir='ltr'><em>νεφέλῃσιν</em></span> 
     </span>
    </p>

    <p class='ocr_par' dir='ltr' id='par_1_9' title="bbox 227 3485 1395 3669">
     <span class='ocr_line' id='line_1_37' title="bbox 313 3485 1183 3580; baseline 0.005 -22"><span class='ocrx_word' id='word_1_279' title='bbox 313 3489 403 3575; x_wconf 78' lang='grc' dir='ltr'><em>Μήτ’</em></span> <span class='ocrx_word' id='word_1_280' title='bbox 427 3489 465 3576; x_wconf 80' lang='grc' dir='ltr'><em>ἢν</em></span> <span class='ocrx_word' id='word_1_281' title='bbox 483 3493 632 3574; x_wconf 80' lang='grc' dir='ltr'><em>Λάμπων</em></span> <span class='ocrx_word' id='word_1_282' title='bbox 652 3485 672 3579; x_wconf 78' lang='grc' dir='ltr'><strong><em>ᾗ</em></strong></span> <span class='ocrx_word' id='word_1_283' title='bbox 692 3489 767 3575; x_wconf 77' lang='grc' dir='ltr'><em>μήτ’</em></span> <span class='ocrx_word' id='word_1_284' title='bbox 790 3489 828 3575; x_wconf 75' lang='grc' dir='ltr'><em>ἢν</em></span> <span class='ocrx_word' id='word_1_285' title='bbox 848 3485 865 3556; x_wconf 83' lang='grc' dir='ltr'><strong><em>ὃ</em></strong></span> <span class='ocrx_word' id='word_1_286' title='bbox 885 3493 980 3578; x_wconf 88' lang='grc' dir='ltr'><em>μίγας</em></span> <span class='ocrx_word' id='word_1_287' title='bbox 1000 3495 1183 3580; x_wconf 76' lang='grc' dir='ltr'><em>Διοπείθης.</em></span> 
     </span>
     <span class='ocr_line' id='line_1_38' title="bbox 227 3574 1395 3669; baseline 0.002 -21"><span class='ocrx_word' id='word_1_288' title='bbox 227 3579 279 3648; x_wconf 87' lang='lat' dir='ltr'>uhi</span> <span class='ocrx_word' id='word_1_289' title='bbox 298 3579 461 3667; x_wconf 84' lang='lat' dir='ltr'>interpres:</span> <span class='ocrx_word' id='word_1_290' title='bbox 499 3574 538 3644; x_wconf 87' lang='lat' dir='ltr'>‘O</span> <span class='ocrx_word' id='word_1_291' title='bbox 558 3578 592 3643; x_wconf 76' lang='grc' dir='ltr'>δὲ</span> <span class='ocrx_word' id='word_1_292' title='bbox 608 3579 780 3660; x_wconf 75' lang='grc' dir='ltr'><em>Διοπείθης</em></span> <span class='ocrx_word' id='word_1_293' title='bbox 801 3583 856 3640; x_wconf 86' lang='grc' dir='ltr'><em>νῦν</em></span> <span class='ocrx_word' id='word_1_294' title='bbox 874 3579 931 3658; x_wconf 76' lang='grc' dir='ltr'><em>μὲν</em></span> <span class='ocrx_word' id='word_1_295' title='bbox 952 3603 994 3654; x_wconf 90' lang='grc' dir='ltr'><em>ως</em></span> <span class='ocrx_word' id='word_1_296' title='bbox 1011 3579 1242 3666; x_wconf 66' lang='grc' dir='ltr'><em>χρησμοί-ὅλος,</em></span> <span class='ocrx_word' id='word_1_297' title='bbox 1263 3579 1395 3669; x_wconf 74' lang='grc' dir='ltr'><em>ἕτίρωδι</em></span> 
     </span>
    </p>
   </div>
   <div class='ocr_carea' id='block_1_3' title="bbox 228 3658 1516 3755">
    <p class='ocr_par' dir='ltr' id='par_1_10' title="bbox 228 3658 1516 3755">
     <span class='ocr_line' id='line_1_39' title="bbox 228 3658 1516 3755; baseline -0.01 -23"><span class='ocrx_word' id='word_1_298' title='bbox 228 3665 263 3733; x_wconf 78' lang='grc' dir='ltr'>δὲ</span> <span class='ocrx_word' id='word_1_299' title='bbox 289 3659 332 3741; x_wconf 77' lang='grc' dir='ltr'><em>ὥς</em></span> <span class='ocrx_word' id='word_1_300' title='bbox 356 3662 467 3740; x_wconf 84' lang='grc' dir='ltr'><em>κυλλδς</em></span> <span class='ocrx_word' id='word_1_301' title='bbox 493 3665 543 3727; x_wconf 81' lang='grc' dir='ltr'>καί</span> <span class='ocrx_word' id='word_1_302' title='bbox 576 3659 758 3748; x_wconf 79' lang='grc' dir='ltr'><em>δωροδόκος.</em></span> <span class='ocrx_word' id='word_1_303' title='bbox 800 3658 971 3747; x_wconf 64' lang='grc' dir='ltr'><em>Σύμμαχος</em></span> <span class='ocrx_word' id='word_1_304' title='bbox 1001 3665 1035 3730; x_wconf 76' lang='grc' dir='ltr'>δέ</span> <span class='ocrx_word' id='word_1_305' title='bbox 1064 3669 1114 3730; x_wconf 83' lang='grc' dir='ltr'>καλ</span> <span class='ocrx_word' id='word_1_306' title='bbox 1141 3664 1291 3752; x_wconf 81' lang='grc' dir='ltr'><em>μαναόδή·</em></span> <span class='ocrx_word' id='word_1_307' title='bbox 1317 3673 1394 3755; x_wconf 74' lang='grc' dir='ltr'>φησι</span> <span class='ocrx_word' id='word_1_308' title='bbox 1515 3701 1516 3719; x_wconf 49' lang='lat' dir='ltr'>l</span> 
     </span>
    </p>
   </div>
   <div class='ocr_carea' id='block_1_4' title="bbox 227 3743 1395 3929">
    <p class='ocr_par' dir='ltr' id='par_1_11' title="bbox 227 3743 1395 3929">
     <span class='ocr_line' id='line_1_40' title="bbox 227 3743 1395 3840; baseline 0.003 -24"><span class='ocrx_word' id='word_1_309' title='bbox 227 3749 281 3818; x_wconf 72' lang='lat' dir='ltr'>vlo</span> <span class='ocrx_word' id='word_1_310' title='bbox 291 3751 447 3832; x_wconf 71' lang='grc' dir='ltr'><em>Διοπείθη</em></span> <span class='ocrx_word' id='word_1_311' title='bbox 467 3745 522 3823; x_wconf 74' lang='grc' dir='ltr'><em>τόν</em></span> <span class='ocrx_word' id='word_1_312' title='bbox 543 3745 668 3834; x_wconf 77' lang='grc' dir='ltr'><em>ῥήτορα,</em></span> <span class='ocrx_word' id='word_1_313' title='bbox 691 3743 733 3826; x_wconf 75' lang='grc' dir='ltr'><em>ὡς</em></span> <span class='ocrx_word' id='word_1_314' title='bbox 754 3750 807 3836; x_wconf 74' lang='grc' dir='ltr'>καλ</span> <span class='ocrx_word' id='word_1_315' title='bbox 820 3750 1020 3834; x_wconf 78' lang='grc' dir='ltr'><em>Τηλεκλείδής</em></span> <span class='ocrx_word' id='word_1_316' title='bbox 1040 3749 1278 3840; x_wconf 76' lang='grc' dir='ltr'><em>διἈμφικτυόαι</em></span> <span class='ocrx_word' id='word_1_317' title='bbox 1301 3757 1395 3836; x_wconf 73' lang='grc' dir='ltr'><em>δῆλον</em></span> 
     </span>
     <span class='ocr_line' id='line_1_41' title="bbox 228 3835 1394 3929; baseline 0.005 -28"><span class='ocrx_word' id='word_1_318' title='bbox 228 3847 322 3902; x_wconf 53' lang='grc' dir='ltr'><em>ποιεῖν</em></span> <span class='ocrx_word' id='word_1_319' title='bbox 348 3837 451 3902; x_wconf 88' lang='lat' dir='ltr'>rhetor</span> <span class='ocrx_word' id='word_1_320' title='bbox 472 3841 567 3899; x_wconf 79' lang='lat' dir='ltr'>autem</span> <span class='ocrx_word' id='word_1_321' title='bbox 585 3835 742 3928; x_wconf 84' lang='lat' dir='ltr'>Diopithes</span> <span class='ocrx_word' id='word_1_322' title='bbox 763 3841 905 3916; x_wconf 78' lang='lat' dir='ltr'>vocetur,</span> <span class='ocrx_word' id='word_1_323' title='bbox 925 3837 1069 3922; x_wconf 84' lang='lat' dir='ltr'>quoniam&#39;</span> <span class='ocrx_word' id='word_1_324' title='bbox 1082 3837 1169 3912; x_wconf 82' lang='lat' dir='ltr'>etiam</span> <span class='ocrx_word' id='word_1_325' title='bbox 1190 3857 1241 3904; x_wconf 87' lang='lat' dir='ltr'>res</span> <span class='ocrx_word' id='word_1_326' title='bbox 1260 3840 1394 3929; x_wconf 85' lang='lat' dir='ltr'>publicus</span> 
     </span>
    </p>
   </div>
   <div class='ocr_carea' id='block_1_5' title="bbox 229 3909 1515 4010">
    <p class='ocr_par' dir='ltr' id='par_1_12' title="bbox 229 3909 1515 4010">
     <span class='ocr_line' id='line_1_42' title="bbox 229 3909 1515 4010; baseline 0.004 -22"><span class='ocrx_word' id='word_1_327' title='bbox 229 3923 328 4010; x_wconf 76' lang='lat' dir='ltr'>attigit</span> <span class='ocrx_word' id='word_1_328' title='bbox 347 3909 505 4009; x_wconf 74' lang='lat' dir='ltr'>legumque</span> <span class='ocrx_word' id='word_1_329' title='bbox 521 3927 630 3990; x_wconf 84' lang='lat' dir='ltr'>euctm¹</span> <span class='ocrx_word' id='word_1_330' title='bbox 646 3927 677 3985; x_wconf 90' lang='lat' dir='ltr'>et</span> <span class='ocrx_word' id='word_1_331' title='bbox 697 3941 806 4008; x_wconf 73' lang='lat' dir='ltr'>naason.</span> <span class='ocrx_word' id='word_1_332' title='bbox 826 3921 956 4007; x_wconf 77' lang='lat' dir='ltr'>exstitit:</span> <span class='ocrx_word' id='word_1_333' title='bbox 988 3921 1176 3990; x_wconf 80' lang='lat' dir='ltr'>lurillundum</span> <span class='ocrx_word' id='word_1_334' title='bbox 1196 3943 1269 3990; x_wconf 75' lang='lat' dir='ltr'>vcro</span> <span class='ocrx_word' id='word_1_335' title='bbox 1291 3929 1396 3994; x_wconf 84' lang='lat' dir='ltr'>comici</span> <span class='ocrx_word' id='word_1_336' title='bbox 1514 3911 1515 3976; x_wconf 61' lang='lat'><em>3</em></span> 
     </span>
    </p>
   </div>
   <div class='ocr_carea' id='block_1_6' title="bbox 227 4006 1395 4186">
    <p class='ocr_par' dir='ltr' id='par_1_13' title="bbox 227 4006 1395 4186">
     <span class='ocr_line' id='line_1_43' title="bbox 227 4006 1395 4158; baseline -0.003 -86"><span class='ocrx_word' id='word_1_337' title='bbox 227 4015 385 4096; x_wconf 78' lang='lat' dir='ltr'>propterea</span> <span class='ocrx_word' id='word_1_338' title='bbox 403 4006 541 4070; x_wconf 88' lang='lat' dir='ltr'>videntur</span> <span class='ocrx_word' id='word_1_339' title='bbox 560 4027 689 4089; x_wconf 72' lang='lat' dir='ltr'>uouere,</span> <span class='ocrx_word' id='word_1_340' title='bbox 708 4007 860 4094; x_wconf 82' lang='lat' dir='ltr'>&#39;quoniam</span> <span class='ocrx_word' id='word_1_341' title='bbox 885 4007 973 4074; x_wconf 81' lang='lat' dir='ltr'>sacr&#39;u</span> <span class='ocrx_word' id='word_1_342' title='bbox 995 4009 1121 4158; x_wconf 58' lang='lat' dir='ltr'>prodam</span> <span class='ocrx_word' id='word_1_343' title='bbox 1147 4010 1249 4080; x_wconf 85' lang='lat' dir='ltr'>luror&#39;c</span> <span class='ocrx_word' id='word_1_344' title='bbox 1270 4019 1312 4076; x_wconf 80' lang='grc' dir='ltr'>ου’</span> <span class='ocrx_word' id='word_1_345' title='bbox 1325 4025 1395 4102; x_wconf 78' lang='lat' dir='ltr'>per.</span> 
     </span>
     <span class='ocr_line' id='line_1_44' title="bbox 228 4091 1393 4186; baseline 0.006 -29"><span class='ocrx_word' id='word_1_346' title='bbox 228 4093 316 4157; x_wconf 80' lang='lat' dir='ltr'>eimm</span> <span class='ocrx_word' id='word_1_347' title='bbox 337 4111 406 4156; x_wconf 85' lang='lat' dir='ltr'>esse</span> <span class='ocrx_word' id='word_1_348' title='bbox 426 4091 597 4176; x_wconf 80' lang='lat' dir='ltr'>simulabat,</span> <span class='ocrx_word' id='word_1_349' title='bbox 625 4112 683 4178; x_wconf 89' lang='lat' dir='ltr'>quo</span> <span class='ocrx_word' id='word_1_350' title='bbox 702 4091 829 4180; x_wconf 84' lang='lat' dir='ltr'>pertinet</span> <span class='ocrx_word' id='word_1_351' title='bbox 849 4093 976 4158; x_wconf 74' lang='lat' dir='ltr'>maxime</span> <span class='ocrx_word' id='word_1_352' title='bbox 1024 4094 1162 4180; x_wconf 84' lang='lat' dir='ltr'>hryniehi</span> <span class='ocrx_word' id='word_1_353' title='bbox 1183 4095 1282 4180; x_wconf 89' lang='lat' dir='ltr'>locus,</span> <span class='ocrx_word' id='word_1_354' title='bbox 1306 4117 1393 4186; x_wconf 86' lang='lat' dir='ltr'>quem</span> 
     </span>
    </p>
   </div>
   <div class='ocr_carea' id='block_1_7' title="bbox 229 4172 1514 4350">
    <p class='ocr_par' dir='ltr' id='par_1_14' title="bbox 229 4172 1514 4350">
     <span class='ocr_line' id='line_1_45' title="bbox 229 4172 1514 4330; baseline 0.005 -87"><span class='ocrx_word' id='word_1_355' title='bbox 229 4177 335 4330; x_wconf 55' lang='lat' dir='ltr'>{nhppu</span> <span class='ocrx_word' id='word_1_356' title='bbox 359 4177 382 4240; x_wconf 87' lang='lat' dir='ltr'>&#39;t</span> <span class='ocrx_word' id='word_1_357' title='bbox 407 4177 584 4264; x_wconf 73' lang='lat' dir='ltr'>scholipstat</span> <span class='ocrx_word' id='word_1_358' title='bbox 615 4172 797 4266; x_wconf 75' lang='grc' dir='ltr'><em>παράκειται</em></span> <span class='ocrx_word' id='word_1_359' title='bbox 816 4173 860 4243; x_wconf 74' lang='lat' dir='ltr'>dd</span> <span class='ocrx_word' id='word_1_360' title='bbox 889 4179 941 4244; x_wconf 78' lang='grc' dir='ltr'>καλ</span> <span class='ocrx_word' id='word_1_361' title='bbox 966 4175 1009 4242; x_wconf 80' lang='grc' dir='ltr'>τό</span> <span class='ocrx_word' id='word_1_362' title='bbox 1034 4181 1190 4265; x_wconf 81' lang='grc' dir='ltr'><em>Φρυνίχου</em></span> <span class='ocrx_word' id='word_1_363' title='bbox 1215 4181 1395 4270; x_wconf 68' lang='grc' dir='ltr'><em>ἔμπροσθεν</em></span> <span class='ocrx_word' id='word_1_364' title='bbox 1513 4255 1514 4260; x_wconf 15' lang='lat'>1</span> 
     </span>
     <span class='ocr_line' id='line_1_46' title="bbox 244 4282 1514 4350; baseline 0.006 -1"><span class='ocrx_word' id='word_1_365' title='bbox 244 4289 260 4327; x_wconf 58' lang='grc' dir='ltr'><em>ί</em></span> <span class='ocrx_word' id='word_1_366' title='bbox 314 4282 410 4350; x_wconf 66' lang='lat' dir='ltr'>lll’*</span> <span class='ocrx_word' id='word_1_367' title='bbox 1513 4305 1514 4312; x_wconf 75' lang='grc'>’</span> 
     </span>
    </p>
   </div>
   <div class='ocr_carea' id='block_1_8' title="bbox 0 0 1530 5060">
    <p class='ocr_par' dir='ltr' id='par_1_15' title="bbox 0 0 1530 5060">
     <span class='ocr_line' id='line_1_47' title="bbox 0 0 1530 5060; baseline 0 1"><span class='ocrx_word' id='word_1_368' title='bbox 0 0 1530 5060; x_wconf 95' lang='lat' dir='ltr'> </span> 
     </span>
    </p>
   </div>
  </div>
 </body>
</html>
