3052 5060
245 383 314 464 ιιι
473 429 504 456 ,.
561 446 564 456 ,
622 339 1037 454 σοιίασανινῑοσσο
1106 391 1109 396 ·
1183 368 1192 400 ’·

243 560 348 628 mmcd
368 551 417 622 val
438 549 576 620 sacram
598 545 748 618 conandtt
768 547 842 636 apud
863 545 1021 614 Platonem
1040 545 1079 612 ‚iu
1099 544 1289 634 Syruposio,·
1304 546 1417 612 docens

244 643 524 738 utraurqueartem.
538 633 636 723 specie
657 633 773 718 quidem
798 631 937 714 differre,
967 649 1073 719 reapse
1098 631 1272 698 immutabili
1290 631 1419 716 quadam

243 728 425 793 necessitate
438 719 633 786 'coniunctam
657 733 743 798 esse,
773 717 816 782 ita
842 724 875 780 ut
898 717 947 802 qui
973 717 1068 780 bonus
1095 717 1135 780 sit
1160 718 1309 803 tragicus,
1337 716 1419 780 idem

249 810 336 875 etiam
361 807 458 896 possit
478 803 649 870 commum
676 803 822 866 scribere:
849 802 920 866 dicit
945 804 1023 866 enum
1050 822 1079 888 p.
1099 803 1163 868 223
1184 802 1231 866 D:
1275 800 1322 864 Ta
1343 799 1419 881 μίν-

247 919 295 961 σοι
315 889 482 978 κεφάλαιον
507 888 568 974 ἔφη
590 885 846 970 προσαναγκάζειν
872 885 926 950 τὸν
946 888 1097 970 Σωκράτη
1119 883 1276 970 ὁμολογεῖν
1302 884 1418 961 αὐτοὺς

245 977 492 1066 (Aristophanem
521 979 550 1038 et
563 971 775 1058 Agatheam)
801 975 857 1036 τοῦ
885 968 982 1035 αὐτοῦ
1009 970 1121 1056 ἀνδρὸς
1147 967 1221 1034 alnao
1251 971 1417 1056 κωμῳδίαν

243 1065 298 1128 καὶ
323 1061 498 1148 τραγῳδίαν
511 1092 515 1100 -
528 1057 714 1124 ἐπίστασθαι
741 1065 855 1131 ποιεῖν,
898 1057 949 1119 καὶ
980 1054 1035 1120 τὸν
1065 1055 1117 1136 τίχ
1186 1054 1418 1142 τραγῳδοποιὸν

191 1197 199 1213 ,
243 1146 321 1215 diaco
346 1140 645 1228 aai'xmptpriocrmdv
664 1137 750 1206 εἶναι.
793 1139 865 1208 Fuit
894 1147 990 1205 autem
1015 1142 1064 1206 hie
1086 1139 1132 1207 Ca
1154 1141 1199 1206 ias
1227 1140 1416 1206 adversarius

243 1232 382 1312 Gratim,
408 1229 442 1294 ia
460 1229 537 1314 quod
552 1227 668 1296 iudicat
689 1223 857 1292 Scholiasta
877 1224 1072 1313 Aristophan.
1093 1225 1169 1310 qu.
1192 1248 1219 1290 v.
1240 1227 1320 1291 526:

242 1369 264 1384 ..
326 1311 451 1402 Ἐφόρει
471 1312 527 1390 τὰς
551 1315 627 1398 ,aper
644 1313 703 1376 καί
724 1310 778 1387 τὰς
803 1307 977 1384 πλατάνους
1003 1313 1054 1374 καί
1080 1309 1153 1385 τοὺς
1180 1308 1313 1394 ἕχθροῦς
1341 1334 1416 1394 προ-

600 1433 654 1468 ς..
697 1417 762 1466 .·,“
931 1393 1153 1470 astarem„

247 1485 297 1549 ubi
318 1484 391 1548 haec
412 1481 584 1570 adscripsit:
611 1471 792 1566 Κατίβαλλε
812 1478 885 1556 τοὺς
910 1423 1204 1564 ἀνταγὲνιζομίνοος
1226 1476 1302 1562 πρὸς
1323 1475 1417 1542 αὐτὸν

226 1567 388 1651 'impletis
409 1565 514 1641 ὄντας*
535 1563 610 1654 cotie
623 1565 762 1649 ,ἐχθροὺς
784 1563 996 1650 δὲτοιλςκερλ
1016 1565 1070 1634 τὸν
1083 1567 1222 1632 Καλλίαν
1243 1564 1417 1650 αἰνίττεται.

242 1675 436 1739 :remquam
452 1653 548 1722 minus
580 1658 661 1722 recte
692 1652 766 1718 haec
799 1651 843 1718 ad'
861 1650 999 1720 'aemulos
1035 1649 1152 1720 Cratini
1184 1656 1287 1738 poetas
1321 1650 1416 1714 relect

241 1677 329 1824 inam
343 1737 571 1824 ¹Aristophanes
603 1737 684 1806 viros
711 1735 781 1802 dicit
808 1735 981 1824 populares,
1014 1738 1118 1822 quibus
1152 1745 1316 1806 aeternum,
1332 1733 1416 1818 quasi

244 1823 354 1894 bellun
371 1821 534 1889 ,indixisse
565 1820 719 1889 videbatur
747 1819 1095 1902 CratiauS,),commodc
1127 1827 1226 1884 tmneu
1256 1819 1415 1884 memoriae

264 1907 382 1988 radidit,
404 1905 527 1974 Calliam
542 1906 636 1972 [uisse
657 1927 746 1970 uuum
760 1927 799 1975 ex
815 1906 938 1970 aemulis
950 1906 1038 1973 huius
1058 1913 1177 1995 poetae:
1200 1911 1230 1968 et
1241 1905 1417 1968 confirmant

241 1931 300 2058 iios
320 1993 403 2080 ipsae
426 1991 585 2062 carminum
603 1991 763 2090 reliquiae:
785 1990 970 2078 Hephaestio
993 1993 1085 2072 cuim,
1104 1991 1155 2054 uli
1176 1989 1212 2054 de
1231 1996 1326 2054 metro
1339 1987 1415 2054 Cra-

241 2080 323 2142 tineo
346 2077 410 2162 agit
418 2097 458 2226 p.
480 2076 532 2155 96,
554 2075 682 2162 exemplu
702 2075 770 2146 loce
789 2082 850 2140 tres
871 2097 976 2146 versus
998 2077 1145 2156 serravit,
1167 2075 1216 2159 qui
1237 2073 1354 2158 quidem
1375 2093 1415 2138 ox

243 2163 331 2228 unius
353 2163 416 2226 eius
438 2179 539 2243 amque
561 2159 727 2230 comoedias
756 2161 896 2247 parabasi
915 2161 1053 2226 videntum
1073 2160 1157 2249 petiti
1178 2181 1262 2223 esse:

327 2243 400 2314 ada
421 2241 591 2326 κισσόχαιτ’
615 2241 707 2320 ἄναξ,
727 2243 829 2326 χαῖρ’,
851 2243 964 2328 ἔφασκ’
984 2245 1198 2330 Ἐκφαντίδης.

328 2325 441 2392 Πάντα
463 2328 586 2410 φορητὰ
607 2324 706 2392 πάντα
727 2327 866 2410 τολμητὰ
887 2331 965 2414 τῷδε
985 2335 1030 2417 τῷ
1048 2335 1144 2415 χορῷ.

327 2412 422 2494 Πλὴν
440 2410 549 2482 Ξενίου
571 2411 691 2493 νόμοισι
712 2415 763 2476 καὶ
785 2416 980 2494 Σχοινίαννος,
1010 2409 1185 2498 ὦΧοίριαν.

244 2499 443 2584 Conqueritur
464 2497 542 2579 euin
565 2497 711 2564 Cratinus.
727 2497 764 2562 de
786 2499 861 2564 artis
880 2499 1007 2564 comicae
1029 2500 1248 2588 depravatione,
1270 2505 1299 2564 et
1319 2501 1414 2586 primo

243 2585 358 2670 quidem
379 2603 469 2647 versu
497 2583 594 2670 tangit
614 2581 845 2670 Ecphantidem,
873 2605 996 2669 quocum
1020 2586 1137 2650 iuvenis
1164 2584 1333 2648 inimicitias
1361 2605 1414 2647 ex·

242 2675 391 2750 arcuerat,
418 2667 561 2752 'quoniam
581 2667 632 2734 ille
655 2668 804 2753 antiquum
818 2677 935 2734 'morem
957 2678 1074 2736 secutos
1095 2671 1171 2736 nihil
1191 2669 1251 2734 nisi
1271 2668 1414 2733 iocularia

243 2753 385 2839 quaedam
407 2760 437 2816 et
457 2752 571 2816 ludicra
592 2754 796 2838 conquirebat,
825 2775 899 2838 quae
926 2755 1033 2844 populo
1054 2757 1244 2845 propinaret,
1272 2752 1413 2818 Cratinus

238 2849 314 2903 'vero
336 2859 412 2902 novo
439 2859 562 2926 prorsus
589 2837 675 2904 modo
704 2839 882 2904 comoediam
908 2840 1091 2926 inqrsublime
1118 2841 1224 2914 extulit
1248 2839 1414 2925 fastigium,

241 2924 320 2989 unde
341 2943 442 2988 omnes
465 2930 494 2986 et
515 2924 658 2988 humanas
680 2930 710 2988 et
729 2925 847 2990 divinas
868 2947 917 2989 res
939 2925 1191 3014 contemplaretur
1211 2930 1241 2988 et
1262 2925 1321 2988 sub.
1338 2923 1414 2987 iudi·

241 3011 317 3074 cium
344 3013 491 3076 vocaret*
515 3007 616 3095 ltaque
643 3008 734 3072 utitur
758 3009 852 3097 ipsius
867 3009 1066 3097 'llcplrantidis
1094 3011 1194 3076 verbis
1216 3005 1288 3072 aaa
1309 3005 1415 3072 κισσό-

238 3090 324 3176 χαιτ’
349 3090 427 3168 ἅναξ
452 3101 554 3175 χαῖρε,
590 3113 650 3156 non
681 3099 740 3156 tam
766 3101 799 3156 ut
823 3095 856 3156 in
882 3094 929 3158 his
958 3095 1068 3180 aliquid
1094 3095 1309 3182 reprehendat,
1343 3093 1414 3178 quid

241 3179 320 3242 enim
341 3178 405 3240 iure
427 3177 600 3263 vituperare
623 3179 782 3264 potuisset,
811 3177 865 3242 sed
886 3185 919 3242 ut
944 3180 1083 3244 humilem
1103 3181 1191 3244 istam
1213 3191 1242 3242 et
1264 3179 1413 3264 antiquam

241 3261 420 3326 comoediam
455 3261 620 3347 significet:
665 3262 800 3328 videntur
834 3263 910 3328 enim
943 3265 1017 3328 hacc
1044 3266 1136 3330 verba
1165 3265 1203 3330 ab·
1228 3261 1413 3351 Ecphantide

240 3348 273 3412 iu
293 3346 417 3413 exordio
439 3345 561 3410 alieuius
582 3346 748 3413 cantilenae
769 3347 801 3410 in
820 3346 932 3412 Bacchi
953 3350 1095 3414 honorem
1115 3350 1212 3438 posita
1233 3370 1316 3430 esse,
1338 3369 1413 3433 quae

240 3440 315 3498 tunc
337 3429 422 3516 vulgi
437 3473 438 3479 ι
454 3451 507 3496 ore
538 3432 710 3496 terebatur?
741 3429 879 3498 Ceterum
908 3433 1044 3499 Naekius
1079 3434 1115 3498 de
1144 3434 1299 3503 Choerilo,
1319 3455 1346 3521 p.
1365 3435 1413 3519 ι53

240 3515 398 3603 ingenioso
420 3511 585 3604 suspicatur
606 3516 679 3584 haec
700 3537 740 3582 cx
758 3517 896 3604 Dionyso
917 3520 1019 3584 fabula
1040 3520 1131 3608 petita
1152 3541 1230 3600 esse,
1252 3539 1324 3582 usus
1342 3515 1413 3582 Sui·-

240 3601 308 3671 dae,
324 3601 509 3666 testimoniet
550 3597 637 3678 Edit,
659 3597 818 3690 Διονύσῳ·
850 3601 947 3682 ὕμνος
973 3601 1247 3679 ἐνθουσιαστικάς,
1274 3603 1328 3668 sed
1355 3603 1413 3666 hoc

239 3685 338 3752 fatcor
366 3686 509 3750 incertum
545 3687 700 3758 admodum
729 3695 759 3752 et
791 3689 969 3776 ambiguum.
1011 3689 1114 3756 Possit
1143 3691 1272 3754 fortasse
1304 3689 1411 3776 aliquis

240 3770 355 3858 opinari
375 3771 449 3836 lracc
471 3771 509 3836 ad
529 3771 730 3860 hyparchema
751 3772 878 3858 aliquod,
900 3775 977 3859 quod
997 3776 1110 3862 cyrlios
1132 3775 1238 3840 chorus
1260 3776 1412 3858 cecinerit,

239 3855 599 3938 referendaresse„nom
621 3856 835 3944 Ecphantidam
857 3859 1037 3924 etiam'talia
1059 3861 1190 3930 carmina
1211 3860 1411 3948 composuisse

239 3939 382 4027 colligere
402 3941 482 4010 ‚mihi
498 3941 613 4008 'videor
648 3963 688 4006 cx
714 3941 877 4011 Aristotele
901 3944 991 4010 Polit.
1014 3943 1099 4014 Vlll.
1119 3946 1175 4010 δεῖ
1198 3946 1267 4014 Καὶ,
1290 3944 1349 4028 γὰρ
1378 3945 1412 4009 ἐν

239 4027 460 4105 Λακεδαίμονί
473 4050 520 4101 τις
539 4024 671 4112 χορηγὸς
693 4026 786 4099 αὐτὸς
806 4026 920 4112 ηὔλησε
941 4035 984 4115 τῷ
1003 4035 1098 4116 χορῷ,
1120 4033 1171 4094 καὶ
1191 4031 1258 4114 περὶ
1275 4027 1412 4112 Ἀθήνας

240 4105 337 4184 οὕτως
364 4111 589 4194 anteniaco,
608 4109 685 4176 ὥστε
711 4112 820 4195 σχεδὸν
835 4154 838 4173 ι
852 4115 881 4181 οἱ
894 4119 1013 4181 ’πολλοὶ
1040 4123 1102 4180 τῶν
1128 4115 1309 4194 ἐλευθερίων
1335 4139 1411 4196 μετ-

236 4192 657 4362 pqppqoqpe
685 4199 734 4348 tt
748 4197 1205 4358 'struma-„ttae
1228 4197 1412 4350 turra

244 4311 247 4320 '
433 4341 437 4352 ,
484 4347 485 4351 ,
632 4307 642 4347 ἔ
747 4323 750 4356 ’,
1108 4310 1126 4350 il

238 4305 460 4452 probabileifat
480 4305 834 4442 mardochaeum
856 4371 1147 4460 lmhyparchomatel
1188 4307 1310 4437 acchgrim
1331 4391 1410 4438 com·

239 4449 367 4539 pellavit·
387 4471 434 4540 ap.
455 4387 671 4526 detentam.
692 4475 720 4543 p.
741 4455 809 4554 617,
827 4454 872 4520 F:
892 4504 914 4528 ,,
946 4489 1017 4550 tgr
1056 4457 1069 4544 ’ς
1360 4519 1364 4526 .
