3018 5064
161 313 164 320 ’
277 351 339 420 on
359 351 504 431 nomo.
525 350 714 422 cououo.
733 351 842 424 son.
860 351 1007 433 sumo.
1183 354 1228 428 oa
1304 401 1311 416 .

136 517 230 632 Πρός
251 516 416 608 Γοργόνεια
437 520 528 586 πεδία
554 515 731 606 Κισθήνης,
755 520 809 586 ira

135 610 185 672 Αι
210 609 360 694 Φορκίδες
379 607 515 685 ναίουσι,
545 603 668 686 όῆναιαι
689 603 789 685 κόραι.

135 691 190 756 Ex
216 691 333 758 Cratini
361 692 538 780 Deliadibus
567 691 694 756 Photius
726 713 846 756 versum
896 691 963 757 aulo
994 692 1077 760 illum
1110 695 1226 782 quidem

52 777 255 842 obscuriorem
276 777 410 842 servavit
450 778 534 858 ‚to
556 776 613 842 18:
653 773 801 858 ’Eeq'oaov
829 711 1028 863 πρόσκαιρα·
1093 843 1098 858 ,

131 858 276 945 Ἔτῆσισι
296 861 355 947 γὰρ
377 799 503 944 nolu?
537 859 583 925 tel
604 863 682 946 πρός
701 860 758 944 τὴν
778 860 901 944 τὲχνην·

51 949 209 1032 Κρατῖνος
229 943 392 1030 Δηλιάσιν.
435 946 484 1012 Eo
502 945 579 1011 male
606 947 722 1032 quidem
745 947 953 1034 grammaticus
976 947 1064 1012 dicit:
1096 944 1227 1032 ἐτήσιοι·

52 1028 302 1120 πρόσκαιροιι
345 1033 434 1098 immo
461 1039 523 1112 est,
567 1040 748 1114 ᾳιιιιιαππιι
770 1034 932 1096 acceditis
954 1038 1002 1096 ad
1020 1048 1145 1108 artem
1173 1034 1227 1099 sed

53 1139 208 1204 quamnam
237 1124 329 1182 artem
357 1117 435 1182 dicat
465 1121 553 1205 poeta
580 1116 703 1204 ignoro:
743 1117 911 1182 dubitanter
941 1117 1095 1182 admodum
1126 1119 1227 1182 refero

53 1203 87 1267 ad
110 1209 208 1267 artem
229 1201 374 1268 canendi:
407 1203 482 1266 haee
507 1200 601 1300 igitur
623 1201 715 1266 verba
735 1202 813 1266 dicta
833 1201 946 1266 fuerint
967 1201 1004 1266 ad
1025 1203 1145 1267 chorum
1168 1204 1228 1268 vir·

54 1290 172 1376 qinom:
217 1309 236 1352 a
269 1287 368 1351 choris
396 1294 491 1352 autem
518 1287 604 1367 ostis,
647 1307 718 1371 quos
747 1287 902 1372 quotannis
929 1287 1039 1350 Delum
1066 1288 1228 1371 mittebant,

54 1373 203 1460 osiginem
231 1372 310 1437 ducit
335 1372 425 1437 etiam
452 1371 655 1458 proverbium,
677 1371 754 1457 quod
774 1379 820 1436 est
841 1371 919 1460 apud
939 1370 1119 1455 Zenobium,
1142 1373 1228 1456 alios,

50 1455 173 1534 Ἄιόεις,
217 1453 319 1540 ὥσπερ
352 1459 394 1531 εἷς
425 1459 533 1537 Δῆλον
565 1455 679 1533 πλέων,
711 1456 749 1520 όσ
775 1457 814 1520 iis
840 1457 890 1541 qui
911 1479 1021 1544 magna
1043 1479 1107 1520 oum
1129 1479 1230 1522 soeor·

55 1543 102 1608 lia
123 1551 156 1606 et
175 1542 326 1631 voluptate
346 1542 436 1606 vitam
457 1541 674 1628 transigebant
716 1539 785 1606 Hoo
806 1542 934 1630 pertinet
956 1542 1044 1606 etiam
1066 1542 1145 1608 aliud
1166 1543 1229 1608 fra-

56 1635 217 1715 gmentum,
240 1627 316 1713 quod
344 1635 494 1692 servatum
515 1635 562 1690 est
581 1625 682 1690 itidem
703 1647 721 1690 a
741 1626 851 1690 Pbotio
872 1649 901 1716 p.
922 1626 997 1710 481,
1019 1629 1076 1692 13:
1115 1625 1229 1707 Ῥόζειν

126 1707 685 1876 ιιι..όὲὲιιιῑιιόξιιιιι
700 1711 881 1872 leto.

52 1880 124 1947 Ἀπὸ
154 1879 266 1946 τούτου
293 1882 328 1945 δὲ
357 1883 406 1946 tut
427 1879 501 1956 τοὺς
522 1879 772 1966 πικραινσμένσιις
793 1883 844 1944 καὶ
866 1883 1122 1964 σκαιολογοῦντας
1141 1906 1231 1966 μετη-

56 1967 163 2050 νέχθη·
184 1970 342 2052 Κρατῖνος
362 1962 528 2048 Δηλιάσιν·

134 2051 201 2160 JJva
222 2057 322 2137 σιωπῇ
343 2056 399 2134 τῆς
418 2050 525 2134 τέχνης
547 2046 661 2136 ρόζωσι
681 2046 737 2114 τὸν
756 2046 864 2114 λοιπόν
881 2045 1005 2136 χρόνον.

58 2139 143 2204 unia
184 2158 215 2213 ς·
576 2187 579 2196 .

133 2147 270 2308 ”ξ1όρραζε
291 2218 369 2306 πρός
388 2216 444 2303 τὴν
463 2223 536 2304 γῆν·
557 2214 574 2284 ὅ
597 2215 628 2282 δ’
652 2215 788 2306 ἓσκσίριζε
809 2217 994 2305 κάπέπαρόε.

57 2307 133 2374 Nam
160 2309 210 2373 hio
237 2327 350 2394 quoque
376 2325 483 2370 versos
510 2304 685 2370 violeturne
706 2305 805 2369 choris
827 2307 1013 2397 accipiendus
1041 2328 1126 2390 esse,
1160 2330 1232 2396 quo-

50 2415 121 2463 num
144 2415 195 2458 ars
222 2393 317 2457 saeris
345 2391 460 2478 quidem
482 2390 672 2455 sollemnibus
694 2388 804 2471 floruit,
824 2412 879 2479 per
898 2393 1042 2479 reliquum
1065 2393 1137 2458 anni
1158 2401 1232 2462 tem·

58 2501 111 2630 qqos
132 2477 326 2564 frigescebat.
368 2475 521 2540 Nonnulla
532 2475 679 2624 quaedam
695 2476 855 2563 adiungam
865 2477 901 2542 (le
916 2478 1009 2543 altero
1021 2500 1122 2560 versu,
1145 2501 1230 2579 qoem

90 2565 197 2628 obreus
224 2585 264 2627 ex
289 2560 420 2626 Porsoni
446 2583 530 2624 emen
552 2560 650 2624 atione
671 2559 776 2642 edidit,
819 2561 852 2626 in
879 2563 978 2627 codice
1005 2564 1083 2628 euim
1105 2565 1230 2652 legmor:

60 2646 131 2758 “²2ae
152 2649 286 2746 σκαρόζει
306 2645 487 2746 ιιαιέιιαρδε.
530 2644 592 2744 Sed
613 2665 674 2710 uon
694 2645 847 2734 intelligo,
878 2648 946 2733 quio
968 2649 1008 2713 sit
1028 2647 1134 2734 ἕρραζε
1154 2649 1233 2738 πρὸς

57 2759 115 2818 W
133 2729 680 2903 quqpalgllqhqwqqlquqdqqivqulequ‘q'·
695 2809 875 2898 ἦσκόριζε
896 2807 978 2906 κᾷτ’
1002 2773 1176 2904 ἴπαρόεν.

58 2904 220 2989 Σκαρόζειν
240 2903 319 2967 enim
339 2901 389 2966 vel
410 2899 582 2984 ἀσκαρίζειν
602 2906 649 2963 est
669 2899 775 2980 sobre,
797 2909 928 3000 propere
944 2905 1072 2984 moveri,
1099 2925 1133 2968 se
1154 2904 1231 2970 cele·

57 2992 133 3056 riter
153 2988 287 3070 volvere,
308 2987 352 3052 uti
372 2992 419 3051 est
443 2986 477 3049 in
503 3005 592 3049 versu
614 2983 824 3073 Auistophanos
845 2984 923 3074 apud
943 2985 1066 3052 Suidam
1086 3009 1116 3054 u.
1138 2987 1233 3054 ἄσκα-

59 3077 165 3163 ρι’ζειν·

142 3156 372 3242 Ἀπασιιαρίζειν
392 3151 520 3240 ὡσπερεὶ
546 3153 660 3240 πέρκην
678 3151 789 3237 χαμαί.

60 3243 177 3334 Scripsi
204 3250 299 3308 autem
327 3237 501 3326 ἠσκόριζενι
543 3241 600 3304 hoc
622 3241 700 3304 enim
721 3239 831 3305 Atticis
851 3262 905 3330 pro
925 3241 1000 3308 moun
1022 3251 1082 3326 est3
1116 3243 1232 3312 Moeris

56 3329 257 3414 Ἀσκαρόζιιν·
279 3326 438 3404 Ἀττικῶς·
460 3326 610 3411 σκαρόζειν
626 3320 824 3406 Ἑλληνικῶς.
866 3261 954 3394 Aello
975 3327 1179 3418 Phrynichum
1200 3333 1234 3396 in

60 3415 201 3481 Bekkeri
226 3413 342 3478 Anecd.
370 3412 412 3478 Τ.
438 3410 588 3500 I.p.24‚
610 3409 665 3474 17:
708 3408 909 3496 Ἀσκαρόζειν·
940 3415 1058 3499 σκαόρω
1083 3413 1119 3480 τό
1145 3441 1234 3482 συνε-

62 3506 122 3582 χῶς
143 3503 307 3579 κινσῦμαι·
329 3499 362 3573 ἐξ
383 3487 422 3561 oti
443 3492 625 3580 παρόγαιγσν
645 3497 793 3579 σκαρίζω·
814 3492 856 3572 ὡς
878 3499 982 3576 στένω,
1004 3497 1152 3579 στενάζω·
1181 3504 1234 3567 καὶ

64 3583 102 3662 ὡς
129 3584 280 3663 σκαλίζια,
322 3581 474 3660 όσιιαλόζιιι
507 3579 587 3646 κατὰ
618 3576 786 3666 πρόσθεσιν
818 3586 874 3645 voi
902 3591 935 3662 oi,
979 3581 1060 3650 οὕτω
1091 3589 1233 3672 σκαρόζω,

67 3670 229 3758 όσιιαρίζω.
260 3669 387 3733 Photios
399 3689 427 3756 p.
448 3667 502 3748 76,
524 3667 580 3732 16:
604 3663 807 3751 Ἠσκόριζειν·
829 3663 896 3731 ἀντὶ
917 3673 973 3733 τοῦ
994 3667 1150 3754 ἤσπαιρεν,
1171 3674 1235 3737 for-

68 3763 142 3822 tasse
171 3756 251 3820 huno
275 3754 370 3843 ipsum
396 3772 515 3818 versum
546 3750 728 3840 intelligens.
775 3751 879 3838 Neque
905 3757 1149 3842 praetereundum
1177 3765 1235 3841 est,

70 3841 139 3926 qoool
160 3839 239 3930 apud
260 3839 384 3904 eundem
404 3837 516 3925 legitur
534 3857 564 3924 p.
584 3838 644 3918 20,
666 3838 722 3904 25:
762 3833 961 3924 Ἐσπιίριζεν·
990 3839 1046 3904 obn
1070 3838 1235 3927 ἐσκόριζεν.

63 3927 140 4078 qqqol
169 3947 210 4074 eq
236 3925 394 4074 Attiqilstae
423 3922 573 3987 ouiusolem
594 3927 749 4011 praecepto
770 3925 961 4012 repetendum
982 3947 1049 3992 essa
1069 3933 1149 4017 puto.
1190 3927 1236 3994 At
1365 3987 1366 3990 ,

109 4013 168 4077 ‘sto
211 4031 284 4074 anes
326 4009 396 4072 'xito

144 4033 392 4181 ³z‘lbtoooaotqilaoe,
414 4087 540 4179 ὡσπερεὶ
562 4087 676 4176 πέρκην
693 4091 804 4174 χαμαί.

48 4189 93 4262 et
111 4181 285 4248 Menander
294 4203 306 4250 :¹
559 4243 562 4250 2

143 4267 344 4352 Ἅπασιιαριῶ
364 4261 397 4330 σ’
421 4259 480 4346 lyei
500 4262 607 4349 γέλωτι
626 4254 769 4349 τήμερον.

63 4353 123 4420 viol.
146 4351 235 4420 Soio.
256 4351 298 4419 Τ.
317 4351 344 4418 Ι.
364 4371 394 4440 p.
414 4347 489 4415 248.
