<?xml version="1.0" encoding="UTF-8"?>
<!DOCTYPE html PUBLIC "-//W3C//DTD XHTML 1.0 Transitional//EN"
    "http://www.w3.org/TR/xhtml1/DTD/xhtml1-transitional.dtd">
<html xmlns="http://www.w3.org/1999/xhtml" xml:lang="en" lang="en">
 <head>
  <title>
</title>
<meta http-equiv="Content-Type" content="text/html;charset=utf-8" />
  <meta name='ocr-system' content='tesseract 3.04.00' />
  <meta name='ocr-capabilities' content='ocr_page ocr_carea ocr_par ocr_line ocrx_word'/>
</head>
<body>
  <div class='ocr_page' id='page_1' title='image "./commentationumd00kggoog_0117.png"; bbox 0 0 3018 5064; ppageno 0'>
   <div class='ocr_carea' id='block_1_1' title="bbox 261 367 1054 442">
    <p class='ocr_par' dir='ltr' id='par_1_1' title="bbox 261 367 1054 442">
     <span class='ocr_line' id='line_1_1' title="bbox 261 367 1054 442; baseline -0.005 0"><span class='ocrx_word' id='word_1_1' title='bbox 261 373 306 442; x_wconf 78' lang='grc'><strong>80</strong></span> <span class='ocrx_word' id='word_1_2' title='bbox 649 367 1054 440; x_wconf 80' lang='lat' dir='ltr'><strong>COMMENTATIONES</strong></span> 
     </span>
    </p>
   </div>
   <div class='ocr_carea' id='block_1_2' title="bbox 232 537 1492 4532">
    <p class='ocr_par' dir='ltr' id='par_1_2' title="bbox 263 537 1447 1736">
     <span class='ocr_line' id='line_1_2' title="bbox 264 537 1446 634; baseline 0.001 -24"><span class='ocrx_word' id='word_1_3' title='bbox 264 541 302 610; x_wconf 92' lang='lat' dir='ltr'><strong>de</strong></span> <span class='ocrx_word' id='word_1_4' title='bbox 321 540 474 634; x_wconf 87' lang='lat' dir='ltr'><strong>proposita</strong></span> <span class='ocrx_word' id='word_1_5' title='bbox 493 537 642 608; x_wconf 90' lang='lat' dir='ltr'><strong>sententia</strong></span> <span class='ocrx_word' id='word_1_6' title='bbox 662 537 864 623; x_wconf 76' lang='lat' dir='ltr'><strong>dissererent,</strong></span> <span class='ocrx_word' id='word_1_7' title='bbox 886 543 1021 606; x_wconf 87' lang='lat' dir='ltr'><strong>accurate</strong></span> <span class='ocrx_word' id='word_1_8' title='bbox 1043 539 1229 628; x_wconf 80' lang='lat' dir='ltr'>dilucideque</span> <span class='ocrx_word' id='word_1_9' title='bbox 1253 563 1383 627; x_wconf 80' lang='lat' dir='ltr'>causas,</span> <span class='ocrx_word' id='word_1_10' title='bbox 1406 545 1446 612; x_wconf 87' lang='lat' dir='ltr'><strong>lo·</strong></span> 
     </span>
     <span class='ocr_line' id='line_1_3' title="bbox 265 623 1447 716; baseline 0.002 -24"><span class='ocrx_word' id='word_1_11' title='bbox 265 649 347 710; x_wconf 90' lang='lat' dir='ltr'><strong>cum,</strong></span> <span class='ocrx_word' id='word_1_12' title='bbox 369 637 502 716; x_wconf 85' lang='lat' dir='ltr'><strong>tempus,</strong></span> <span class='ocrx_word' id='word_1_13' title='bbox 535 646 591 712; x_wconf 93' lang='lat' dir='ltr'><strong>quo</strong></span> <span class='ocrx_word' id='word_1_14' title='bbox 613 625 654 690; x_wconf 91' lang='lat' dir='ltr'><strong>sit</strong></span> <span class='ocrx_word' id='word_1_15' title='bbox 673 623 849 710; x_wconf 84' lang='lat' dir='ltr'><strong>colloquium</strong></span> <span class='ocrx_word' id='word_1_16' title='bbox 869 623 1000 690; x_wconf 89' lang='lat' dir='ltr'><strong>habitum</strong></span> <span class='ocrx_word' id='word_1_17' title='bbox 1022 625 1180 715; x_wconf 79' lang='lat' dir='ltr'><strong>descripsit</strong></span> <span class='ocrx_word' id='word_1_18' title='bbox 1202 629 1389 715; x_wconf 83' lang='lat' dir='ltr'><strong>omninoque</strong></span> <span class='ocrx_word' id='word_1_19' title='bbox 1411 631 1447 700; x_wconf 85' lang='lat' dir='ltr'><strong>ad</strong></span> 
     </span>
     <span class='ocr_line' id='line_1_4' title="bbox 265 709 1446 800; baseline 0.002 -22"><span class='ocrx_word' id='word_1_20' title='bbox 265 713 406 778; x_wconf 78' lang='lat' dir='ltr'><strong>dramatis</strong></span> <span class='ocrx_word' id='word_1_21' title='bbox 427 710 555 800; x_wconf 88' lang='lat' dir='ltr'><strong>speciem</strong></span> <span class='ocrx_word' id='word_1_22' title='bbox 576 709 712 798; x_wconf 82' lang='lat' dir='ltr'><strong>dialogos</strong></span> <span class='ocrx_word' id='word_1_23' title='bbox 741 709 951 790; x_wconf 79' lang='lat' dir='ltr'><strong>conformavit,</strong></span> <span class='ocrx_word' id='word_1_24' title='bbox 980 730 1105 798; x_wconf 88' lang='lat' dir='ltr'><strong>prorsus</strong></span> <span class='ocrx_word' id='word_1_25' title='bbox 1133 721 1166 776; x_wconf 90' lang='lat' dir='ltr'><strong>ut</strong></span> <span class='ocrx_word' id='word_1_26' title='bbox 1195 721 1331 778; x_wconf 86' lang='lat' dir='ltr'><strong>externa</strong></span> <span class='ocrx_word' id='word_1_27' title='bbox 1351 713 1446 780; x_wconf 87' lang='lat' dir='ltr'><strong>forma</strong></span> 
     </span>
     <span class='ocr_line' id='line_1_5' title="bbox 264 794 1446 898; baseline 0.001 -35"><span class='ocrx_word' id='word_1_28' title='bbox 264 819 330 864; x_wconf 88' lang='lat' dir='ltr'><strong>cum</strong></span> <span class='ocrx_word' id='word_1_29' title='bbox 358 795 527 898; x_wconf 76' lang='lat' dir='ltr'><strong>argumenti</strong></span> <span class='ocrx_word' id='word_1_30' title='bbox 558 794 740 883; x_wconf 77' lang='lat' dir='ltr'><strong>praestantia</strong></span> <span class='ocrx_word' id='word_1_31' title='bbox 771 801 961 882; x_wconf 73' lang='lat' dir='ltr'><strong>congrueret.</strong></span> <span class='ocrx_word' id='word_1_32' title='bbox 1015 794 1145 880; x_wconf 77' lang='lat' dir='ltr'><strong>atnoe</strong></span> <span class='ocrx_word' id='word_1_33' title='bbox 1171 804 1258 862; x_wconf 84' lang='lat' dir='ltr'><strong>tanta</strong></span> <span class='ocrx_word' id='word_1_34' title='bbox 1287 799 1446 897; x_wconf 79' lang='lat' dir='ltr'><strong>diligentia</strong></span> 
     </span>
     <span class='ocr_line' id='line_1_6' title="bbox 265 879 1444 969; baseline 0.001 -22"><span class='ocrx_word' id='word_1_35' title='bbox 265 890 374 968; x_wconf 90' lang='lat' dir='ltr'><strong>quanta</strong></span> <span class='ocrx_word' id='word_1_36' title='bbox 394 903 426 946; x_wconf 91' lang='lat' dir='ltr'><strong>m</strong></span> <span class='ocrx_word' id='word_1_37' title='bbox 446 902 547 946; x_wconf 88' lang='lat' dir='ltr'><strong>rorum</strong></span> <span class='ocrx_word' id='word_1_38' title='bbox 568 879 729 968; x_wconf 86' lang='lat' dir='ltr'><strong>scriptore,</strong></span> <span class='ocrx_word' id='word_1_39' title='bbox 760 879 849 944; x_wconf 91' lang='lat' dir='ltr'><strong>etiam</strong></span> <span class='ocrx_word' id='word_1_40' title='bbox 881 879 913 946; x_wconf 88' lang='lat' dir='ltr'><strong>in</strong></span> <span class='ocrx_word' id='word_1_41' title='bbox 941 899 1109 944; x_wconf 87' lang='lat' dir='ltr'><strong>sermonum</strong></span> <span class='ocrx_word' id='word_1_42' title='bbox 1137 881 1242 946; x_wconf 89' lang='lat' dir='ltr'><strong>fictore</strong></span> <span class='ocrx_word' id='word_1_43' title='bbox 1267 884 1444 969; x_wconf 79' lang='lat' dir='ltr'><strong>requiritur:</strong></span> 
     </span>
     <span class='ocr_line' id='line_1_7' title="bbox 264 963 1444 1055; baseline 0 -23"><span class='ocrx_word' id='word_1_44' title='bbox 264 968 362 1053; x_wconf 87' lang='lat' dir='ltr'><strong>itaque</strong></span> <span class='ocrx_word' id='word_1_45' title='bbox 384 966 473 1030; x_wconf 90' lang='lat' dir='ltr'><strong>Plato</strong></span> <span class='ocrx_word' id='word_1_46' title='bbox 494 983 727 1053; x_wconf 89' lang='lat' dir='ltr'><strong>saepenumero</strong></span> <span class='ocrx_word' id='word_1_47' title='bbox 750 985 796 1044; x_wconf 88' lang='lat' dir='ltr'><strong>ea,</strong></span> <span class='ocrx_word' id='word_1_48' title='bbox 819 984 893 1049; x_wconf 90' lang='lat' dir='ltr'><strong>quae</strong></span> <span class='ocrx_word' id='word_1_49' title='bbox 914 963 947 1026; x_wconf 89' lang='lat' dir='ltr'><strong>in</strong></span> <span class='ocrx_word' id='word_1_50' title='bbox 967 964 1138 1051; x_wconf 84' lang='lat' dir='ltr'><strong>praesentia</strong></span> <span class='ocrx_word' id='word_1_51' title='bbox 1150 975 1238 1030; x_wconf 90' lang='lat' dir='ltr'><strong>erant</strong></span> <span class='ocrx_word' id='word_1_52' title='bbox 1251 977 1356 1055; x_wconf 86' lang='lat' dir='ltr'><strong>gesta,</strong></span> <span class='ocrx_word' id='word_1_53' title='bbox 1379 991 1444 1034; x_wconf 89' lang='lat' dir='ltr'><strong>con·</strong></span> 
     </span>
     <span class='ocr_line' id='line_1_8' title="bbox 263 1047 1444 1142; baseline 0 -24"><span class='ocrx_word' id='word_1_54' title='bbox 263 1052 364 1140; x_wconf 82' lang='lat' dir='ltr'><strong>iungit</strong></span> <span class='ocrx_word' id='word_1_55' title='bbox 384 1072 449 1116; x_wconf 90' lang='lat' dir='ltr'><strong>cum</strong></span> <span class='ocrx_word' id='word_1_56' title='bbox 470 1051 526 1131; x_wconf 87' lang='lat' dir='ltr'><strong>iis,</strong></span> <span class='ocrx_word' id='word_1_57' title='bbox 547 1069 621 1134; x_wconf 88' lang='lat' dir='ltr'><strong>quae</strong></span> <span class='ocrx_word' id='word_1_58' title='bbox 643 1047 732 1114; x_wconf 90' lang='lat' dir='ltr'><strong>multo</strong></span> <span class='ocrx_word' id='word_1_59' title='bbox 755 1055 823 1114; x_wconf 89' lang='lat' dir='ltr'><strong>aute</strong></span> <span class='ocrx_word' id='word_1_60' title='bbox 843 1047 1023 1130; x_wconf 88' lang='lat' dir='ltr'><strong>acciderunt,</strong></span> <span class='ocrx_word' id='word_1_61' title='bbox 1042 1049 1178 1116; x_wconf 90' lang='lat' dir='ltr'><strong>homines</strong></span> <span class='ocrx_word' id='word_1_62' title='bbox 1200 1053 1313 1117; x_wconf 90' lang='lat' dir='ltr'><strong>aetatis</strong></span> <span class='ocrx_word' id='word_1_63' title='bbox 1336 1075 1444 1142; x_wconf 81' lang='lat' dir='ltr'><strong>magno</strong></span> 
     </span>
     <span class='ocr_line' id='line_1_9' title="bbox 264 1132 1444 1220; baseline 0.001 -18"><span class='ocrx_word' id='word_1_64' title='bbox 264 1136 423 1202; x_wconf 88' lang='lat' dir='ltr'><strong>intervallo</strong></span> <span class='ocrx_word' id='word_1_65' title='bbox 435 1134 579 1200; x_wconf 84' lang='lat' dir='ltr'><strong>discretos</strong></span> <span class='ocrx_word' id='word_1_66' title='bbox 592 1132 792 1220; x_wconf 86' lang='lat' dir='ltr'><strong>colloquentes</strong></span> <span class='ocrx_word' id='word_1_67' title='bbox 806 1132 928 1211; x_wconf 83' lang='lat' dir='ltr'><strong>inducit,</strong></span> <span class='ocrx_word' id='word_1_68' title='bbox 950 1135 1126 1220; x_wconf 90' lang='lat' dir='ltr'><strong>omninoque</strong></span> <span class='ocrx_word' id='word_1_69' title='bbox 1140 1156 1201 1200; x_wconf 90' lang='lat' dir='ltr'><strong>non</strong></span> <span class='ocrx_word' id='word_1_70' title='bbox 1224 1157 1294 1201; x_wconf 92' lang='lat' dir='ltr'><strong>eam</strong></span> <span class='ocrx_word' id='word_1_71' title='bbox 1318 1137 1372 1202; x_wconf 89' lang='lat' dir='ltr'><strong>dili</strong></span> <span class='ocrx_word' id='word_1_72' title='bbox 1396 1161 1444 1204; x_wconf 92' lang='lat' dir='ltr'><strong>en·</strong></span> 
     </span>
     <span class='ocr_line' id='line_1_10' title="bbox 265 1217 1443 1312; baseline -0.001 -24"><span class='ocrx_word' id='word_1_73' title='bbox 265 1225 335 1288; x_wconf 90' lang='lat' dir='ltr'><strong>tiam</strong></span> <span class='ocrx_word' id='word_1_74' title='bbox 356 1221 389 1286; x_wconf 91' lang='lat' dir='ltr'><strong>in</strong></span> <span class='ocrx_word' id='word_1_75' title='bbox 410 1219 483 1284; x_wconf 91' lang='lat' dir='ltr'><strong>locis</strong></span> <span class='ocrx_word' id='word_1_76' title='bbox 505 1217 743 1308; x_wconf 85' lang='lat' dir='ltr'><strong>temporibusque</strong></span> <span class='ocrx_word' id='word_1_77' title='bbox 764 1217 940 1282; x_wconf 87' lang='lat' dir='ltr'><strong>definiendis</strong></span> <span class='ocrx_word' id='word_1_78' title='bbox 963 1217 1098 1302; x_wconf 91' lang='lat' dir='ltr'><strong>adhibet,</strong></span> <span class='ocrx_word' id='word_1_79' title='bbox 1134 1241 1221 1305; x_wconf 88' lang='lat' dir='ltr'><strong>quam</strong></span> <span class='ocrx_word' id='word_1_80' title='bbox 1243 1220 1337 1286; x_wconf 92' lang='lat' dir='ltr'><strong>hodie</strong></span> <span class='ocrx_word' id='word_1_81' title='bbox 1383 1225 1443 1312; x_wconf 79' lang='lat' dir='ltr'><strong>agi·</strong></span> 
     </span>
     <span class='ocr_line' id='line_1_11' title="bbox 265 1302 1443 1390; baseline 0.002 -18"><span class='ocrx_word' id='word_1_82' title='bbox 265 1316 376 1388; x_wconf 73' lang='lat' dir='ltr'><strong>murus,</strong></span> <span class='ocrx_word' id='word_1_83' title='bbox 407 1313 477 1370; x_wconf 88' lang='lat' dir='ltr'><strong>tunc</strong></span> <span class='ocrx_word' id='word_1_84' title='bbox 497 1323 583 1367; x_wconf 86' lang='lat' dir='ltr'><strong>nemo</strong></span> <span class='ocrx_word' id='word_1_85' title='bbox 606 1302 811 1384; x_wconf 87' lang='lat' dir='ltr'><strong>desiderabat,</strong></span> <span class='ocrx_word' id='word_1_86' title='bbox 843 1323 1028 1368; x_wconf 89' lang='lat' dir='ltr'><strong>cumrerum</strong></span> <span class='ocrx_word' id='word_1_87' title='bbox 1051 1310 1203 1390; x_wconf 82' lang='lat' dir='ltr'><strong>gestarum</strong></span> <span class='ocrx_word' id='word_1_88' title='bbox 1225 1305 1375 1374; x_wconf 90' lang='lat' dir='ltr'><strong>memoria</strong></span> <span class='ocrx_word' id='word_1_89' title='bbox 1396 1308 1443 1374; x_wconf 89' lang='lat' dir='ltr'><strong>ad·</strong></span> 
     </span>
     <span class='ocr_line' id='line_1_12' title="bbox 264 1386 1443 1476; baseline -0.002 -18"><span class='ocrx_word' id='word_1_90' title='bbox 264 1391 381 1458; x_wconf 88' lang='lat' dir='ltr'><strong>modum</strong></span> <span class='ocrx_word' id='word_1_91' title='bbox 403 1396 484 1454; x_wconf 87' lang='lat' dir='ltr'><strong>esset</strong></span> <span class='ocrx_word' id='word_1_92' title='bbox 504 1388 594 1454; x_wconf 91' lang='lat' dir='ltr'><strong>dubia</strong></span> <span class='ocrx_word' id='word_1_93' title='bbox 614 1393 645 1450; x_wconf 92' lang='lat' dir='ltr'><strong>et</strong></span> <span class='ocrx_word' id='word_1_94' title='bbox 664 1387 793 1467; x_wconf 87' lang='lat' dir='ltr'><strong>incerta,</strong></span> <span class='ocrx_word' id='word_1_95' title='bbox 813 1393 847 1450; x_wconf 90' lang='lat' dir='ltr'><strong>ut</strong></span> <span class='ocrx_word' id='word_1_96' title='bbox 855 1386 1007 1476; x_wconf 86' lang='lat' dir='ltr'><strong>plerique,</strong></span> <span class='ocrx_word' id='word_1_97' title='bbox 1028 1389 1086 1452; x_wconf 91' lang='lat' dir='ltr'><strong>nisi</strong></span> <span class='ocrx_word' id='word_1_98' title='bbox 1108 1389 1135 1454; x_wconf 92' lang='lat' dir='ltr'><strong>si</strong></span> <span class='ocrx_word' id='word_1_99' title='bbox 1157 1389 1206 1474; x_wconf 94' lang='lat' dir='ltr'><strong>qui</strong></span> <span class='ocrx_word' id='word_1_100' title='bbox 1228 1389 1343 1456; x_wconf 88' lang='lat' dir='ltr'><strong>litteris</strong></span> <span class='ocrx_word' id='word_1_101' title='bbox 1365 1413 1443 1456; x_wconf 90' lang='lat' dir='ltr'><strong>man·</strong></span> 
     </span>
     <span class='ocr_line' id='line_1_13' title="bbox 266 1471 1442 1560; baseline -0.001 -18"><span class='ocrx_word' id='word_1_102' title='bbox 266 1477 436 1556; x_wconf 81' lang='lat' dir='ltr'><strong>davissent,</strong></span> <span class='ocrx_word' id='word_1_103' title='bbox 466 1495 506 1538; x_wconf 92' lang='lat' dir='ltr'><strong>ue</strong></span> <span class='ocrx_word' id='word_1_104' title='bbox 533 1471 712 1556; x_wconf 87' lang='lat' dir='ltr'><strong>ecquidem</strong></span> <span class='ocrx_word' id='word_1_105' title='bbox 740 1491 814 1556; x_wconf 86' lang='lat' dir='ltr'><strong>quae</strong></span> <span class='ocrx_word' id='word_1_106' title='bbox 842 1473 976 1560; x_wconf 87' lang='lat' dir='ltr'><strong>proxime</strong></span> <span class='ocrx_word' id='word_1_107' title='bbox 1003 1480 1092 1560; x_wconf 86' lang='lat' dir='ltr'><strong>gesta</strong></span> <span class='ocrx_word' id='word_1_108' title='bbox 1118 1480 1221 1540; x_wconf 88' lang='lat' dir='ltr'><strong>essent</strong></span> <span class='ocrx_word' id='word_1_109' title='bbox 1256 1477 1334 1540; x_wconf 91' lang='lat' dir='ltr'><strong>satis</strong></span> <span class='ocrx_word' id='word_1_110' title='bbox 1365 1485 1442 1542; x_wconf 90' lang='lat' dir='ltr'><strong>recte</strong></span> 
     </span>
     <span class='ocr_line' id='line_1_14' title="bbox 265 1553 1441 1650; baseline -0.002 -22"><span class='ocrx_word' id='word_1_111' title='bbox 265 1569 363 1628; x_wconf 91' lang='lat' dir='ltr'><strong>mente</strong></span> <span class='ocrx_word' id='word_1_112' title='bbox 384 1563 507 1649; x_wconf 89' lang='lat' dir='ltr'><strong>possent</strong></span> <span class='ocrx_word' id='word_1_113' title='bbox 526 1557 669 1622; x_wconf 89' lang='lat' dir='ltr'><strong>recolere.</strong></span> <span class='ocrx_word' id='word_1_114' title='bbox 712 1553 845 1620; x_wconf 85' lang='lat' dir='ltr'><strong>Socratis</strong></span> <span class='ocrx_word' id='word_1_115' title='bbox 867 1562 963 1622; x_wconf 90' lang='lat' dir='ltr'><strong>autem</strong></span> <span class='ocrx_word' id='word_1_116' title='bbox 984 1579 1114 1645; x_wconf 90' lang='lat' dir='ltr'><strong>persona</strong></span> <span class='ocrx_word' id='word_1_117' title='bbox 1135 1580 1199 1624; x_wconf 90' lang='lat' dir='ltr'><strong>cum</strong></span> <span class='ocrx_word' id='word_1_118' title='bbox 1209 1557 1339 1626; x_wconf 91' lang='lat' dir='ltr'><strong>Platoni</strong></span> <span class='ocrx_word' id='word_1_119' title='bbox 1360 1583 1441 1650; x_wconf 91' lang='lat' dir='ltr'><strong>prae-</strong></span> 
     </span>
     <span class='ocr_line' id='line_1_15' title="bbox 265 1641 1441 1736; baseline -0.003 -23"><span class='ocrx_word' id='word_1_120' title='bbox 265 1656 312 1712; x_wconf 90' lang='lat' dir='ltr'><strong>ter</strong></span> <span class='ocrx_word' id='word_1_121' title='bbox 339 1652 454 1712; x_wconf 86' lang='lat' dir='ltr'><strong>ceteras</strong></span> <span class='ocrx_word' id='word_1_122' title='bbox 480 1642 589 1708; x_wconf 90' lang='lat' dir='ltr'><strong>idonea</strong></span> <span class='ocrx_word' id='word_1_123' title='bbox 615 1646 696 1724; x_wconf 70' lang='lat' dir='ltr'><strong>esset</strong></span> <span class='ocrx_word' id='word_1_124' title='bbox 719 1641 798 1722; x_wconf 87' lang='lat' dir='ltr'><strong>visa,</strong></span> <span class='ocrx_word' id='word_1_125' title='bbox 834 1661 908 1726; x_wconf 90' lang='lat' dir='ltr'><strong>quae</strong></span> <span class='ocrx_word' id='word_1_126' title='bbox 930 1661 982 1706; x_wconf 90' lang='lat' dir='ltr'><strong>eas</strong></span> <span class='ocrx_word' id='word_1_127' title='bbox 1004 1643 1085 1730; x_wconf 89' lang='lat' dir='ltr'><strong>ipsas</strong></span> <span class='ocrx_word' id='word_1_128' title='bbox 1107 1645 1276 1710; x_wconf 87' lang='lat' dir='ltr'><strong>sententias</strong></span> <span class='ocrx_word' id='word_1_129' title='bbox 1298 1666 1441 1736; x_wconf 91' lang='lat' dir='ltr'><strong>propone-</strong></span> 
     </span>
    </p>

    <p class='ocr_par' dir='ltr' id='par_1_3' title="bbox 246 1725 1492 3768">
     <span class='ocr_line' id='line_1_16' title="bbox 246 1725 1439 1821; baseline -0.002 -25"><span class='ocrx_word' id='word_1_130' title='bbox 246 1737 313 1798; x_wconf 72' lang='grc' dir='ltr'><em>’τοι</em></span> <span class='ocrx_word' id='word_1_131' title='bbox 333 1737 364 1798; x_wconf 86' lang='lat' dir='ltr'><strong>et</strong></span> <span class='ocrx_word' id='word_1_132' title='bbox 386 1729 559 1809; x_wconf 85' lang='lat' dir='ltr'><strong>dissereret,</strong></span> <span class='ocrx_word' id='word_1_133' title='bbox 581 1747 655 1811; x_wconf 80' lang='lat' dir='ltr'><strong>quas</strong></span> <span class='ocrx_word' id='word_1_134' title='bbox 675 1725 795 1790; x_wconf 90' lang='lat' dir='ltr'><strong>multum</strong></span> <span class='ocrx_word' id='word_1_135' title='bbox 811 1725 918 1812; x_wconf 91' lang='lat' dir='ltr'><strong>diuque</strong></span> <span class='ocrx_word' id='word_1_136' title='bbox 939 1725 1096 1794; x_wconf 90' lang='lat' dir='ltr'><strong>meditatus</strong></span> <span class='ocrx_word' id='word_1_137' title='bbox 1117 1749 1206 1794; x_wconf 85' lang='lat' dir='ltr'><strong>veras</strong></span> <span class='ocrx_word' id='word_1_138' title='bbox 1229 1751 1301 1794; x_wconf 88' lang='lat' dir='ltr'><strong>esse</strong></span> <span class='ocrx_word' id='word_1_139' title='bbox 1322 1753 1439 1821; x_wconf 88' lang='lat' dir='ltr'><strong>perspe-</strong></span> 
     </span>
     <span class='ocr_line' id='line_1_17' title="bbox 264 1811 1439 1959; baseline -0.001 -78"><span class='ocrx_word' id='word_1_140' title='bbox 264 1823 369 1897; x_wconf 81' lang='lat' dir='ltr'><strong>xerat,</strong></span> <span class='ocrx_word' id='word_1_141' title='bbox 405 1813 443 1879; x_wconf 92' lang='lat' dir='ltr'><strong>ad</strong></span> <span class='ocrx_word' id='word_1_142' title='bbox 469 1813 546 1876; x_wconf 90' lang='lat' dir='ltr'><strong>hanc</strong></span> <span class='ocrx_word' id='word_1_143' title='bbox 567 1831 697 1876; x_wconf 89' lang='lat' dir='ltr'><strong>summus</strong></span> <span class='ocrx_word' id='word_1_144' title='bbox 712 1811 910 1959; x_wconf 76' lang='lat' dir='ltr'><strong>philosophus</strong></span> <span class='ocrx_word' id='word_1_145' title='bbox 932 1811 1009 1875; x_wconf 90' lang='lat' dir='ltr'><strong>solet</strong></span> <span class='ocrx_word' id='word_1_146' title='bbox 1029 1811 1128 1876; x_wconf 90' lang='lat' dir='ltr'><strong>omnia</strong></span> <span class='ocrx_word' id='word_1_147' title='bbox 1148 1835 1306 1880; x_wconf 88' lang='lat' dir='ltr'><strong>revocare.</strong></span> <span class='ocrx_word' id='word_1_148' title='bbox 1351 1814 1439 1890; x_wconf 79' lang='lat' dir='ltr'><strong>Quam</strong></span> 
     </span>
     <span class='ocr_line' id='line_1_18' title="bbox 266 1895 1438 2002; baseline -0.003 -36"><span class='ocrx_word' id='word_1_149' title='bbox 266 1899 382 2002; x_wconf 90' lang='lat' dir='ltr'><strong>quidem</strong></span> <span class='ocrx_word' id='word_1_150' title='bbox 402 1899 551 1965; x_wconf 87' lang='lat' dir='ltr'><strong>licentiam</strong></span> <span class='ocrx_word' id='word_1_151' title='bbox 573 1918 638 1960; x_wconf 92' lang='lat' dir='ltr'><strong>cum</strong></span> <span class='ocrx_word' id='word_1_152' title='bbox 659 1896 772 1982; x_wconf 77' lang='lat' dir='ltr'><strong>antiqui</strong></span> <span class='ocrx_word' id='word_1_153' title='bbox 792 1896 843 1985; x_wconf 86' lang='lat' dir='ltr'><strong>phr</strong></span> <span class='ocrx_word' id='word_1_154' title='bbox 857 1895 955 1984; x_wconf 83' lang='lat' dir='ltr'><strong>elegi,</strong></span> <span class='ocrx_word' id='word_1_155' title='bbox 981 1902 1014 1960; x_wconf 87' lang='lat' dir='ltr'><strong>ut</strong></span> <span class='ocrx_word' id='word_1_156' title='bbox 1034 1897 1227 1980; x_wconf 80' lang='lat' dir='ltr'><strong>Athenaeus,</strong></span> <span class='ocrx_word' id='word_1_157' title='bbox 1257 1899 1438 1966; x_wconf 89' lang='lat' dir='ltr'><strong>animadver-</strong></span> 
     </span>
     <span class='ocr_line' id='line_1_19' title="bbox 266 1979 1438 2068; baseline -0.003 -16"><span class='ocrx_word' id='word_1_158' title='bbox 266 1993 388 2066; x_wconf 83' lang='lat' dir='ltr'><strong>essent,</strong></span> <span class='ocrx_word' id='word_1_159' title='bbox 421 2003 517 2068; x_wconf 90' lang='lat' dir='ltr'><strong>neque</strong></span> <span class='ocrx_word' id='word_1_160' title='bbox 544 2002 617 2046; x_wconf 89' lang='lat' dir='ltr'><strong>vero</strong></span> <span class='ocrx_word' id='word_1_161' title='bbox 638 1979 685 2044; x_wconf 91' lang='lat' dir='ltr'><strong>rei</strong></span> <span class='ocrx_word' id='word_1_162' title='bbox 705 1982 850 2046; x_wconf 88' lang='lat' dir='ltr'><strong>rationem</strong></span> <span class='ocrx_word' id='word_1_163' title='bbox 871 1980 1108 2064; x_wconf 85' lang='lat' dir='ltr'><strong>intellexissent,</strong></span> <span class='ocrx_word' id='word_1_164' title='bbox 1144 1982 1238 2049; x_wconf 89' lang='lat' dir='ltr'><strong>multa</strong></span> <span class='ocrx_word' id='word_1_165' title='bbox 1261 1991 1375 2050; x_wconf 90' lang='lat' dir='ltr'><strong>temere</strong></span> <span class='ocrx_word' id='word_1_166' title='bbox 1394 2006 1438 2048; x_wconf 91' lang='lat' dir='ltr'><strong>re·</strong></span> 
     </span>
     <span class='ocr_line' id='line_1_20' title="bbox 265 2067 1437 2161; baseline -0.004 -25"><span class='ocrx_word' id='word_1_167' title='bbox 265 2070 501 2161; x_wconf 79' lang='lat' dir='ltr'><strong>prehenderuntt</strong></span> <span class='ocrx_word' id='word_1_168' title='bbox 538 2067 720 2132; x_wconf 89' lang='lat' dir='ltr'><strong>recentiores</strong></span> <span class='ocrx_word' id='word_1_169' title='bbox 748 2081 844 2130; x_wconf 89' lang='lat' dir='ltr'><strong>autem</strong></span> <span class='ocrx_word' id='word_1_170' title='bbox 873 2089 937 2132; x_wconf 90' lang='lat' dir='ltr'><strong>com</strong></span> <span class='ocrx_word' id='word_1_171' title='bbox 964 2067 1039 2130; x_wconf 90' lang='lat' dir='ltr'><strong>haec</strong></span> <span class='ocrx_word' id='word_1_172' title='bbox 1066 2088 1140 2154; x_wconf 85' lang='lat' dir='ltr'><strong>quae</strong></span> <span class='ocrx_word' id='word_1_173' title='bbox 1162 2069 1222 2132; x_wconf 88' lang='lat' dir='ltr'><strong>sibi</strong></span> <span class='ocrx_word' id='word_1_174' title='bbox 1244 2069 1437 2135; x_wconf 89' lang='lat' dir='ltr'><strong>adversantur</strong></span> 
     </span>
     <span class='ocr_line' id='line_1_21' title="bbox 265 2147 1435 2245; baseline 0 -26"><span class='ocrx_word' id='word_1_175' title='bbox 265 2155 371 2245; x_wconf 89' lang='lat' dir='ltr'><strong>partim</strong></span> <span class='ocrx_word' id='word_1_176' title='bbox 393 2153 563 2232; x_wconf 86' lang='lat' dir='ltr'><strong>conciliare,</strong></span> <span class='ocrx_word' id='word_1_177' title='bbox 585 2151 644 2216; x_wconf 90' lang='lat' dir='ltr'><strong>alia</strong></span> <span class='ocrx_word' id='word_1_178' title='bbox 656 2171 801 2235; x_wconf 77' lang='lat' dir='ltr'><strong>excusare</strong></span> <span class='ocrx_word' id='word_1_179' title='bbox 818 2147 996 2232; x_wconf 85' lang='lat' dir='ltr'><strong>studuerint,</strong></span> <span class='ocrx_word' id='word_1_180' title='bbox 1017 2172 1107 2240; x_wconf 91' lang='lat' dir='ltr'><strong>saepe</strong></span> <span class='ocrx_word' id='word_1_181' title='bbox 1128 2173 1255 2218; x_wconf 90' lang='lat' dir='ltr'><strong>numero</strong></span> <span class='ocrx_word' id='word_1_182' title='bbox 1278 2177 1297 2218; x_wconf 92' lang='lat' dir='ltr'><strong>a</strong></span> <span class='ocrx_word' id='word_1_183' title='bbox 1318 2157 1435 2219; x_wconf 86' lang='lat' dir='ltr'><strong>veritato</strong></span> 
     </span>
     <span class='ocr_line' id='line_1_22' title="bbox 266 2234 1492 2388; baseline -0.002 -84"><span class='ocrx_word' id='word_1_184' title='bbox 266 2259 389 2388; x_wconf 77' lang='lat' dir='ltr'><strong>prpysus</strong></span> <span class='ocrx_word' id='word_1_185' title='bbox 416 2235 818 2384; x_wconf 53' lang='lat' dir='ltr'><strong>abeqqqqutgruspipqoqaypr</strong></span> <span class='ocrx_word' id='word_1_186' title='bbox 831 2234 1026 2384; x_wconf 57' lang='lat' dir='ltr'><strong>alletscrillqpnqla</strong></span> <span class='ocrx_word' id='word_1_187' title='bbox 1047 2235 1434 2386; x_wconf 66' lang='lat' dir='ltr'><strong>aetate3dqu&#39;abocilluque</strong></span> <span class='ocrx_word' id='word_1_188' title='bbox 1491 2283 1492 2350; x_wconf 72' lang='lat' dir='ltr'><strong>l</strong></span> 
     </span>
     <span class='ocr_line' id='line_1_23' title="bbox 266 2333 1434 2503; baseline -0.004 -29"><span class='ocrx_word' id='word_1_189' title='bbox 266 2347 316 2497; x_wconf 66' lang='lat' dir='ltr'><strong>ddi</strong></span> <span class='ocrx_word' id='word_1_190' title='bbox 325 2343 472 2473; x_wconf 59' lang='lat' dir='ltr'><strong>d’dbbbdisl</strong></span> <span class='ocrx_word' id='word_1_191' title='bbox 485 2405 588 2503; x_wconf 41' lang='lat' dir='ltr'><strong>libros·</strong></span> <span class='ocrx_word' id='word_1_192' title='bbox 597 2341 635 2468; x_wconf 75' lang='lat' dir='ltr'><strong>de</strong></span> <span class='ocrx_word' id='word_1_193' title='bbox 656 2367 807 2502; x_wconf 72' lang='lat' dir='ltr'><strong>republica</strong></span> <span class='ocrx_word' id='word_1_194' title='bbox 819 2341 1229 2492; x_wconf 55' lang='lat' dir='ltr'><strong>idettigerunt,urliddqbdlldilddn</strong></span> <span class='ocrx_word' id='word_1_195' title='bbox 1235 2333 1434 2498; x_wconf 61' lang='lat' dir='ltr'><strong>tqqqqrpqequq</strong></span> 
     </span>
     <span class='ocr_line' id='line_1_24' title="bbox 266 2485 1434 2582; baseline -0.003 -22"><span class='ocrx_word' id='word_1_196' title='bbox 266 2493 368 2582; x_wconf 88' lang='lat' dir='ltr'><strong>scripti</strong></span> <span class='ocrx_word' id='word_1_197' title='bbox 389 2491 450 2556; x_wconf 90' lang='lat' dir='ltr'><strong>sint</strong></span> <span class='ocrx_word' id='word_1_198' title='bbox 470 2489 502 2554; x_wconf 93' lang='lat' dir='ltr'><strong>bi</strong></span> <span class='ocrx_word' id='word_1_199' title='bbox 523 2489 607 2572; x_wconf 82' lang='lat' dir='ltr'><strong>libri,</strong></span> <span class='ocrx_word' id='word_1_200' title='bbox 633 2500 728 2572; x_wconf 87' lang='lat' dir='ltr'><strong>neque</strong></span> <span class='ocrx_word' id='word_1_201' title='bbox 750 2485 798 2570; x_wconf 86' lang='lat' dir='ltr'><strong>rd,</strong></span> <span class='ocrx_word' id='word_1_202' title='bbox 826 2509 882 2573; x_wconf 93' lang='lat' dir='ltr'><strong>quo</strong></span> <span class='ocrx_word' id='word_1_203' title='bbox 904 2487 1083 2576; x_wconf 86' lang='lat' dir='ltr'><strong>colloquium</strong></span> <span class='ocrx_word' id='word_1_204' title='bbox 1098 2490 1230 2556; x_wconf 92' lang='lat' dir='ltr'><strong>habitum</strong></span> <span class='ocrx_word' id='word_1_205' title='bbox 1253 2515 1323 2558; x_wconf 90' lang='lat' dir='ltr'><strong>esse</strong></span> <span class='ocrx_word' id='word_1_206' title='bbox 1344 2495 1384 2558; x_wconf 88' lang='lat' dir='ltr'><strong>liu</strong></span> <span class='ocrx_word' id='word_1_207' title='bbox 1406 2513 1434 2556; x_wconf 89' lang='lat' dir='ltr'><strong>a·</strong></span> 
     </span>
     <span class='ocr_line' id='line_1_25' title="bbox 266 2513 1491 2676; baseline -0.005 -32"><span class='ocrx_word' id='word_1_208' title='bbox 266 2589 325 2660; x_wconf 90' lang='lat' dir='ltr'><strong>tur,</strong></span> <span class='ocrx_word' id='word_1_209' title='bbox 345 2578 419 2642; x_wconf 90' lang='lat' dir='ltr'><strong>satis</strong></span> <span class='ocrx_word' id='word_1_210' title='bbox 430 2583 511 2640; x_wconf 87' lang='lat' dir='ltr'><strong>recte</strong></span> <span class='ocrx_word' id='word_1_211' title='bbox 521 2583 551 2638; x_wconf 87' lang='lat' dir='ltr'><strong>et</strong></span> <span class='ocrx_word' id='word_1_212' title='bbox 564 2573 745 2662; x_wconf 87' lang='lat' dir='ltr'><strong>pensiculate</strong></span> <span class='ocrx_word' id='word_1_213' title='bbox 766 2573 990 2638; x_wconf 86' lang='lat' dir='ltr'><strong>constituerunt.</strong></span> <span class='ocrx_word' id='word_1_214' title='bbox 1032 2573 1139 2676; x_wconf 70' lang='lat' dir='ltr'><strong>Fingit</strong></span> <span class='ocrx_word' id='word_1_215' title='bbox 1149 2576 1241 2642; x_wconf 90' lang='lat' dir='ltr'><strong>Plato</strong></span> <span class='ocrx_word' id='word_1_216' title='bbox 1262 2577 1293 2642; x_wconf 92' lang='lat' dir='ltr'><strong>iu</strong></span> <span class='ocrx_word' id='word_1_217' title='bbox 1317 2513 1433 2644; x_wconf 64' lang='lat' dir='ltr'><strong>exordio</strong></span> <span class='ocrx_word' id='word_1_218' title='bbox 1490 2609 1491 2654; x_wconf 68' lang='grc' dir='ltr'><em>ι</em></span> 
     </span>
     <span class='ocr_line' id='line_1_26' title="bbox 265 2657 1491 2751; baseline -0.003 -21"><span class='ocrx_word' id='word_1_219' title='bbox 265 2665 347 2730; x_wconf 84' lang='lat' dir='ltr'><strong>illius</strong></span> <span class='ocrx_word' id='word_1_220' title='bbox 368 2659 466 2751; x_wconf 88' lang='lat' dir='ltr'><strong>operis</strong></span> <span class='ocrx_word' id='word_1_221' title='bbox 488 2657 641 2724; x_wconf 86' lang='lat' dir='ltr'><strong>Socratem</strong></span> <span class='ocrx_word' id='word_1_222' title='bbox 663 2679 728 2723; x_wconf 80' lang='lat' dir='ltr'><strong>cerm</strong></span> <span class='ocrx_word' id='word_1_223' title='bbox 750 2657 878 2724; x_wconf 87' lang='lat' dir='ltr'><strong>vellete</strong></span> <span class='ocrx_word' id='word_1_224' title='bbox 899 2659 1065 2747; x_wconf 90' lang='lat' dir='ltr'><strong>spectaculo</strong></span> <span class='ocrx_word' id='word_1_225' title='bbox 1092 2669 1150 2726; x_wconf 86' lang='lat' dir='ltr'><strong>usto</strong></span> <span class='ocrx_word' id='word_1_226' title='bbox 1178 2661 1298 2728; x_wconf 89' lang='lat' dir='ltr'><strong>domum</strong></span> <span class='ocrx_word' id='word_1_227' title='bbox 1318 2660 1432 2742; x_wconf 89' lang='lat' dir='ltr'><strong>reverti,</strong></span> <span class='ocrx_word' id='word_1_228' title='bbox 1490 2683 1491 2694; x_wconf 58' lang='lat'>¹</span> 
     </span>
     <span class='ocr_line' id='line_1_27' title="bbox 266 2743 1433 2832; baseline -0.002 -18"><span class='ocrx_word' id='word_1_229' title='bbox 266 2745 501 2814; x_wconf 88' lang='lat' dir='ltr'><strong>aPolemarcho</strong></span> <span class='ocrx_word' id='word_1_230' title='bbox 521 2743 646 2808; x_wconf 88' lang='lat' dir='ltr'><strong>retineri</strong></span> <span class='ocrx_word' id='word_1_231' title='bbox 667 2743 788 2829; x_wconf 89' lang='lat' dir='ltr'><strong>eiusque</strong></span> <span class='ocrx_word' id='word_1_232' title='bbox 816 2745 953 2832; x_wconf 89' lang='lat' dir='ltr'><strong>precibus</strong></span> <span class='ocrx_word' id='word_1_233' title='bbox 982 2745 1088 2812; x_wconf 91' lang='lat' dir='ltr'><strong>victum</strong></span> <span class='ocrx_word' id='word_1_234' title='bbox 1116 2746 1153 2811; x_wconf 92' lang='lat' dir='ltr'><strong>ad</strong></span> <span class='ocrx_word' id='word_1_235' title='bbox 1173 2746 1257 2813; x_wconf 92' lang='lat' dir='ltr'><strong>illius</strong></span> <span class='ocrx_word' id='word_1_236' title='bbox 1280 2749 1370 2813; x_wconf 91' lang='lat' dir='ltr'><strong>aedes</strong></span> <span class='ocrx_word' id='word_1_237' title='bbox 1390 2767 1433 2810; x_wconf 92' lang='lat' dir='ltr'><strong>ac·</strong></span> 
     </span>
     <span class='ocr_line' id='line_1_28' title="bbox 267 2827 1431 2919; baseline -0.006 -19"><span class='ocrx_word' id='word_1_238' title='bbox 267 2833 383 2916; x_wconf 88' lang='lat' dir='ltr'><strong>cedere,</strong></span> <span class='ocrx_word' id='word_1_239' title='bbox 403 2831 501 2916; x_wconf 90' lang='lat' dir='ltr'><strong>ibique</strong></span> <span class='ocrx_word' id='word_1_240' title='bbox 511 2829 699 2894; x_wconf 88' lang='lat' dir='ltr'><strong>Polemarchi</strong></span> <span class='ocrx_word' id='word_1_241' title='bbox 711 2829 821 2894; x_wconf 80' lang='lat' dir='ltr'><strong>iratres</strong></span> <span class='ocrx_word' id='word_1_242' title='bbox 834 2827 963 2916; x_wconf 90' lang='lat' dir='ltr'><strong>Lysiam</strong></span> <span class='ocrx_word' id='word_1_243' title='bbox 976 2837 1006 2895; x_wconf 91' lang='lat' dir='ltr'><strong>et</strong></span> <span class='ocrx_word' id='word_1_244' title='bbox 1027 2829 1247 2919; x_wconf 86' lang='lat' dir='ltr'><strong>Euthydemum</strong></span> <span class='ocrx_word' id='word_1_245' title='bbox 1275 2839 1307 2898; x_wconf 88' lang='lat' dir='ltr'><strong>et</strong></span> <span class='ocrx_word' id='word_1_246' title='bbox 1322 2831 1366 2899; x_wconf 81' lang='lat' dir='ltr'><strong>ce</strong></span> <span class='ocrx_word' id='word_1_247' title='bbox 1386 2831 1431 2894; x_wconf 88' lang='lat' dir='ltr'><strong>ba-</strong></span> 
     </span>
     <span class='ocr_line' id='line_1_29' title="bbox 266 2908 1490 3008; baseline -0.007 -24"><span class='ocrx_word' id='word_1_248' title='bbox 266 2921 327 2984; x_wconf 90' lang='lat' dir='ltr'><strong>lum</strong></span> <span class='ocrx_word' id='word_1_249' title='bbox 347 2925 461 3008; x_wconf 90' lang='lat' dir='ltr'><strong>patrem</strong></span> <span class='ocrx_word' id='word_1_250' title='bbox 482 2936 585 2980; x_wconf 90' lang='lat' dir='ltr'><strong>senem</strong></span> <span class='ocrx_word' id='word_1_251' title='bbox 606 2915 781 2997; x_wconf 84' lang='lat' dir='ltr'><strong>convenire,</strong></span> <span class='ocrx_word' id='word_1_252' title='bbox 803 2914 1075 3004; x_wconf 66' lang='lat' dir='ltr'><strong>erepsisti:</strong></span> <span class='ocrx_word' id='word_1_253' title='bbox 1118 2918 1157 2978; x_wconf 90' lang='lat' dir='ltr'><em>H</em></span> <span class='ocrx_word' id='word_1_254' title='bbox 1173 2917 1232 2994; x_wconf 72' lang='grc' dir='ltr'><strong>μέν</strong></span> <span class='ocrx_word' id='word_1_255' title='bbox 1258 2908 1314 2982; x_wconf 73' lang='grc' dir='ltr'><strong>οὖν</strong></span> <span class='ocrx_word' id='word_1_256' title='bbox 1336 2916 1430 2981; x_wconf 78' lang='grc' dir='ltr'><em>οἶκαδε</em></span> <span class='ocrx_word' id='word_1_257' title='bbox 1489 2921 1490 2930; x_wconf 66' lang='lat'>‘</span> 
     </span>
     <span class='ocr_line' id='line_1_30' title="bbox 267 2996 1430 3083; baseline -0.007 -14"><span class='ocrx_word' id='word_1_258' title='bbox 267 3007 386 3080; x_wconf 78' lang='grc' dir='ltr'><em>εἲς-τοῦ</em></span> <span class='ocrx_word' id='word_1_259' title='bbox 406 2996 615 3083; x_wconf 79' lang='grc' dir='ltr'><em>Πολεμάρχου</em></span> <span class='ocrx_word' id='word_1_260' title='bbox 641 3001 693 3062; x_wconf 81' lang='grc' dir='ltr'><strong>καλ</strong></span> <span class='ocrx_word' id='word_1_261' title='bbox 713 2999 841 3064; x_wconf 78' lang='grc' dir='ltr'><em>Λυσίαν</em></span> <span class='ocrx_word' id='word_1_262' title='bbox 861 3023 893 3064; x_wconf 91' lang='grc' dir='ltr'><strong>τε</strong></span> <span class='ocrx_word' id='word_1_263' title='bbox 922 2997 1035 3063; x_wconf 76' lang='grc' dir='ltr'><em>αὐτόθι</em></span> <span class='ocrx_word' id='word_1_264' title='bbox 1063 2997 1273 3082; x_wconf 77' lang='grc' dir='ltr'><em>κατελάβομεν</em></span> <span class='ocrx_word' id='word_1_265' title='bbox 1300 3003 1352 3066; x_wconf 82' lang='grc' dir='ltr'><strong>καλ</strong></span> <span class='ocrx_word' id='word_1_266' title='bbox 1373 2997 1430 3063; x_wconf 73' lang='lat' dir='ltr'><strong>aa·</strong></span> 
     </span>
     <span class='ocr_line' id='line_1_31' title="bbox 266 3077 1428 3170; baseline -0.006 -17"><span class='ocrx_word' id='word_1_267' title='bbox 266 3085 426 3170; x_wconf 76' lang='grc' dir='ltr'><em>θάάημον,</em></span> <span class='ocrx_word' id='word_1_268' title='bbox 453 3083 527 3161; x_wconf 72' lang='lat' dir='ltr'><strong>roric</strong></span> <span class='ocrx_word' id='word_1_269' title='bbox 547 3089 603 3148; x_wconf 74' lang='lat' dir='ltr'><strong>sod</strong></span> <span class='ocrx_word' id='word_1_270' title='bbox 619 3079 827 3168; x_wconf 79' lang='grc' dir='ltr'><em>Πολεμάρχου</em></span> <span class='ocrx_word' id='word_1_271' title='bbox 857 3079 1028 3170; x_wconf 61' lang='lat' dir='ltr'><strong>derepute-</strong></span> <span class='ocrx_word' id='word_1_272' title='bbox 1048 3121 1092 3134; x_wconf 92' lang='grc'>-</span> <span class='ocrx_word' id='word_1_273' title='bbox 1111 3077 1149 3167; x_wconf 78' lang='grc' dir='ltr'><strong>ἦν</strong></span> <span class='ocrx_word' id='word_1_274' title='bbox 1178 3085 1211 3159; x_wconf 81' lang='lat' dir='ltr'><strong>d&#39;</strong></span> <span class='ocrx_word' id='word_1_275' title='bbox 1237 3085 1326 3152; x_wconf 65' lang='grc' dir='ltr'><em>ἔνδον</em></span> <span class='ocrx_word' id='word_1_276' title='bbox 1346 3077 1428 3150; x_wconf 75' lang='lat' dir='ltr'><strong>aeid</strong></span> 
     </span>
     <span class='ocr_line' id='line_1_32' title="bbox 267 3164 1429 3256; baseline -0.005 -19"><span class='ocrx_word' id='word_1_277' title='bbox 267 3172 369 3256; x_wconf 83' lang='grc' dir='ltr'><em>πατὴρ</em></span> <span class='ocrx_word' id='word_1_278' title='bbox 396 3167 412 3234; x_wconf 82' lang='grc' dir='ltr'><strong>ὃ</strong></span> <span class='ocrx_word' id='word_1_279' title='bbox 444 3175 500 3233; x_wconf 78' lang='grc' dir='ltr'><strong>τοῦ</strong></span> <span class='ocrx_word' id='word_1_280' title='bbox 526 3164 734 3253; x_wconf 80' lang='grc' dir='ltr'><em>Πολεμάρχου</em></span> <span class='ocrx_word' id='word_1_281' title='bbox 765 3166 931 3253; x_wconf 70' lang='grc' dir='ltr'><em>Κέφαλος·</em></span> <span class='ocrx_word' id='word_1_282' title='bbox 974 3171 1025 3232; x_wconf 84' lang='grc' dir='ltr'><strong>καλ</strong></span> <span class='ocrx_word' id='word_1_283' title='bbox 1057 3167 1142 3249; x_wconf 89' lang='grc' dir='ltr'><em>μάλα</em></span> <span class='ocrx_word' id='word_1_284' title='bbox 1175 3169 1353 3256; x_wconf 74' lang='grc' dir='ltr'><em>πρεσβύτης</em></span> <span class='ocrx_word' id='word_1_285' title='bbox 1380 3167 1429 3250; x_wconf 72' lang='lat' dir='ltr'><strong>prol</strong></span> 
     </span>
     <span class='ocr_line' id='line_1_33' title="bbox 267 3247 1489 3346; baseline -0.007 -23"><span class='ocrx_word' id='word_1_286' title='bbox 267 3257 369 3332; x_wconf 70' lang='grc' dir='ltr'><em>ἴάυξεν</em></span> <span class='ocrx_word' id='word_1_287' title='bbox 394 3250 483 3318; x_wconf 73' lang='grc' dir='ltr'><em>εἶναι·</em></span> <span class='ocrx_word' id='word_1_288' title='bbox 516 3251 568 3318; x_wconf 81' lang='grc' dir='ltr'><em>διά</em></span> <span class='ocrx_word' id='word_1_289' title='bbox 586 3247 701 3338; x_wconf 85' lang='grc' dir='ltr'><em>χρόνου</em></span> <span class='ocrx_word' id='word_1_290' title='bbox 721 3251 781 3337; x_wconf 77' lang='grc' dir='ltr'><strong>γὰρ</strong></span> <span class='ocrx_word' id='word_1_291' title='bbox 803 3255 855 3316; x_wconf 72' lang='grc' dir='ltr'><strong>καὶ</strong></span> <span class='ocrx_word' id='word_1_292' title='bbox 876 3247 1011 3338; x_wconf 74' lang='grc' dir='ltr'><em>ἓσράκιιν</em></span> <span class='ocrx_word' id='word_1_293' title='bbox 1037 3251 1140 3320; x_wconf 79' lang='grc' dir='ltr'><em>αὐτόν.</em></span> <span class='ocrx_word' id='word_1_294' title='bbox 1181 3257 1231 3346; x_wconf 79' lang='lat' dir='ltr'><strong>Ap</strong></span> <span class='ocrx_word' id='word_1_295' title='bbox 1252 3264 1318 3322; x_wconf 86' lang='lat' dir='ltr'><strong>aret</strong></span> <span class='ocrx_word' id='word_1_296' title='bbox 1343 3254 1428 3344; x_wconf 78' lang='lat' dir='ltr'><strong>igitur</strong></span> <span class='ocrx_word' id='word_1_297' title='bbox 1488 3269 1489 3336; x_wconf 43' lang='grc' dir='ltr'><em>χ</em></span> 
     </span>
     <span class='ocr_line' id='line_1_34' title="bbox 267 3337 1489 3430; baseline -0.009 -22"><span class='ocrx_word' id='word_1_298' title='bbox 267 3341 441 3428; x_wconf 90' lang='lat' dir='ltr'><strong>colloquium</strong></span> <span class='ocrx_word' id='word_1_299' title='bbox 468 3338 507 3404; x_wconf 88' lang='lat' dir='ltr'><strong>ad</strong></span> <span class='ocrx_word' id='word_1_300' title='bbox 532 3337 606 3406; x_wconf 92' lang='lat' dir='ltr'><strong>illud</strong></span> <span class='ocrx_word' id='word_1_301' title='bbox 627 3349 740 3427; x_wconf 86' lang='lat' dir='ltr'><strong>tempus</strong></span> <span class='ocrx_word' id='word_1_302' title='bbox 761 3359 780 3402; x_wconf 88' lang='lat' dir='ltr'><strong>a</strong></span> <span class='ocrx_word' id='word_1_303' title='bbox 800 3337 927 3402; x_wconf 91' lang='lat' dir='ltr'><strong>Platone</strong></span> <span class='ocrx_word' id='word_1_304' title='bbox 948 3337 1072 3420; x_wconf 86' lang='lat' dir='ltr'><strong>referri,</strong></span> <span class='ocrx_word' id='word_1_305' title='bbox 1107 3360 1163 3426; x_wconf 93' lang='lat' dir='ltr'><strong>quo</strong></span> <span class='ocrx_word' id='word_1_306' title='bbox 1185 3349 1216 3406; x_wconf 90' lang='lat' dir='ltr'><strong>ct</strong></span> <span class='ocrx_word' id='word_1_307' title='bbox 1269 3342 1353 3430; x_wconf 90' lang='lat' dir='ltr'><strong>ysias</strong></span> <span class='ocrx_word' id='word_1_308' title='bbox 1373 3337 1427 3402; x_wconf 83' lang='lat' dir='ltr'><strong>Po·</strong></span> <span class='ocrx_word' id='word_1_309' title='bbox 1488 3353 1489 3397; x_wconf 86' lang='lat' dir='ltr'><strong>l</strong></span> 
     </span>
     <span class='ocr_line' id='line_1_35' title="bbox 265 3421 1428 3512; baseline -0.011 -18"><span class='ocrx_word' id='word_1_310' title='bbox 265 3425 490 3512; x_wconf 84' lang='lat' dir='ltr'><strong>leurarcbusqne</strong></span> <span class='ocrx_word' id='word_1_311' title='bbox 513 3422 641 3490; x_wconf 85' lang='lat' dir='ltr'><strong>Athenis</strong></span> <span class='ocrx_word' id='word_1_312' title='bbox 667 3423 837 3490; x_wconf 83' lang='lat' dir='ltr'><strong>commorati</strong></span> <span class='ocrx_word' id='word_1_313' title='bbox 862 3424 937 3506; x_wconf 90' lang='lat' dir='ltr'><strong>sint,</strong></span> <span class='ocrx_word' id='word_1_314' title='bbox 973 3444 1011 3487; x_wconf 90' lang='lat' dir='ltr'><strong>ne</strong></span> <span class='ocrx_word' id='word_1_315' title='bbox 1031 3445 1068 3504; x_wconf 92' lang='lat' dir='ltr'><strong>ue</strong></span> <span class='ocrx_word' id='word_1_316' title='bbox 1095 3424 1163 3490; x_wconf 91' lang='lat' dir='ltr'><strong>dum</strong></span> <span class='ocrx_word' id='word_1_317' title='bbox 1189 3430 1323 3492; x_wconf 87' lang='lat' dir='ltr'><strong>mortuus</strong></span> <span class='ocrx_word' id='word_1_318' title='bbox 1344 3421 1428 3490; x_wconf 83' lang='lat' dir='ltr'><strong>feerit</strong></span> 
     </span>
     <span class='ocr_line' id='line_1_36' title="bbox 267 3443 1488 3598; baseline -0.008 -21"><span class='ocrx_word' id='word_1_319' title='bbox 267 3511 312 3582; x_wconf 78' lang='lat' dir='ltr'><strong>Ge</strong></span> <span class='ocrx_word' id='word_1_320' title='bbox 333 3510 428 3576; x_wconf 86' lang='lat' dir='ltr'><strong>halus.</strong></span> <span class='ocrx_word' id='word_1_321' title='bbox 470 3507 533 3574; x_wconf 89' lang='lat' dir='ltr'><strong>lam</strong></span> <span class='ocrx_word' id='word_1_322' title='bbox 558 3507 771 3577; x_wconf 88' lang='lat' dir='ltr'><strong>Polemarcbus</strong></span> <span class='ocrx_word' id='word_1_323' title='bbox 798 3529 862 3572; x_wconf 89' lang='lat' dir='ltr'><strong>cum</strong></span> <span class='ocrx_word' id='word_1_324' title='bbox 887 3508 982 3572; x_wconf 84' lang='lat' dir='ltr'><strong>fratre</strong></span> <span class='ocrx_word' id='word_1_325' title='bbox 1006 3443 1124 3596; x_wconf 60' lang='lat' dir='ltr'><strong>dyeia,</strong></span> <span class='ocrx_word' id='word_1_326' title='bbox 1164 3519 1278 3578; x_wconf 88' lang='lat' dir='ltr'><strong>mortuo</strong></span> <span class='ocrx_word' id='word_1_327' title='bbox 1301 3505 1426 3598; x_wconf 86' lang='lat' dir='ltr'><strong>Cephalo</strong></span> <span class='ocrx_word' id='word_1_328' title='bbox 1487 3587 1488 3596; x_wconf 14' lang='grc' dir='ltr'><em>ρ</em></span> 
     </span>
     <span class='ocr_line' id='line_1_37' title="bbox 265 3533 1426 3684; baseline -0.009 -20"><span class='ocrx_word' id='word_1_329' title='bbox 265 3533 403 3664; x_wconf 76' lang='lat' dir='ltr'><strong>Atdenas</strong></span> <span class='ocrx_word' id='word_1_330' title='bbox 427 3593 485 3660; x_wconf 90' lang='lat' dir='ltr'><strong>reli</strong></span> <span class='ocrx_word' id='word_1_331' title='bbox 504 3593 548 3658; x_wconf 91' lang='lat' dir='ltr'><strong>uit</strong></span> <span class='ocrx_word' id='word_1_332' title='bbox 573 3613 663 3680; x_wconf 88' lang='lat' dir='ltr'><strong>seque</strong></span> <span class='ocrx_word' id='word_1_333' title='bbox 694 3591 828 3658; x_wconf 85' lang='lat' dir='ltr'><strong>Thurios</strong></span> <span class='ocrx_word' id='word_1_334' title='bbox 855 3591 978 3658; x_wconf 92' lang='lat' dir='ltr'><strong>contulit</strong></span> <span class='ocrx_word' id='word_1_335' title='bbox 1004 3593 1122 3684; x_wconf 83' lang='lat' dir='ltr'><strong>Olymp.</strong></span> <span class='ocrx_word' id='word_1_336' title='bbox 1149 3593 1323 3666; x_wconf 83' lang='lat' dir='ltr'>LXXXIV.</span> <span class='ocrx_word' id='word_1_337' title='bbox 1350 3593 1378 3658; x_wconf 88' lang='lat'><strong>1.</strong></span> <span class='ocrx_word' id='word_1_338' title='bbox 1398 3597 1426 3652; x_wconf 95' lang='lat' dir='ltr'><strong>ut</strong></span> 
     </span>
     <span class='ocr_line' id='line_1_38' title="bbox 266 3613 1488 3768; baseline -0.008 -20"><span class='ocrx_word' id='word_1_339' title='bbox 266 3683 337 3748; x_wconf 89' lang='lat' dir='ltr'><strong>dicit</strong></span> <span class='ocrx_word' id='word_1_340' title='bbox 356 3613 620 3766; x_wconf 69' lang='lat' dir='ltr'><strong>Pseudopdutarcb.</strong></span> <span class='ocrx_word' id='word_1_341' title='bbox 640 3675 693 3742; x_wconf 88' lang='lat' dir='ltr'><strong>vit.</strong></span> <span class='ocrx_word' id='word_1_342' title='bbox 713 3675 845 3766; x_wconf 88' lang='lat' dir='ltr'><strong>Lysiae:</strong></span> <span class='ocrx_word' id='word_1_343' title='bbox 884 3677 973 3742; x_wconf 74' lang='lat' dir='ltr'><strong>’Euri</strong></span> <span class='ocrx_word' id='word_1_344' title='bbox 995 3679 1029 3742; x_wconf 80' lang='grc' dir='ltr'><strong>δὲ</strong></span> <span class='ocrx_word' id='word_1_345' title='bbox 1048 3679 1105 3762; x_wconf 77' lang='grc' dir='ltr'><strong>τὴν</strong></span> <span class='ocrx_word' id='word_1_346' title='bbox 1124 3681 1167 3756; x_wconf 78' lang='grc' dir='ltr'><em>εἰς</em></span> <span class='ocrx_word' id='word_1_347' title='bbox 1179 3676 1321 3768; x_wconf 83' lang='grc' dir='ltr'><em>Σάβαριν</em></span> <span class='ocrx_word' id='word_1_348' title='bbox 1341 3675 1425 3742; x_wconf 78' lang='lat' dir='ltr'><strong>ciucc-</strong></span> <span class='ocrx_word' id='word_1_349' title='bbox 1487 3679 1488 3691; x_wconf 61' lang='lat'>¹</span> 
     </span>
    </p>

    <p class='ocr_par' dir='ltr' id='par_1_4' title="bbox 232 3757 1487 4106">
     <span class='ocr_line' id='line_1_39' title="bbox 232 3757 1423 3854; baseline 0.003 -24"><span class='ocrx_word' id='word_1_350' title='bbox 232 3793 234 3798; x_wconf 56' lang='lat'><strong><em>¹</em></strong></span> <span class='ocrx_word' id='word_1_351' title='bbox 261 3769 349 3854; x_wconf 68' lang='grc' dir='ltr'><em>μίαν,</em></span> <span class='ocrx_word' id='word_1_352' title='bbox 379 3765 434 3846; x_wconf 74' lang='grc' dir='ltr'><strong>τὴν</strong></span> <span class='ocrx_word' id='word_1_353' title='bbox 454 3759 582 3848; x_wconf 72' lang='grc' dir='ltr'><em>ὕστερον</em></span> <span class='ocrx_word' id='word_1_354' title='bbox 613 3763 766 3846; x_wconf 71' lang='grc' dir='ltr'><em>Θουρίους</em></span> <span class='ocrx_word' id='word_1_355' title='bbox 797 3767 1108 3845; x_wconf 69' lang='grc' dir='ltr'><em>μετονομασθεῖσαν,</em></span> <span class='ocrx_word' id='word_1_356' title='bbox 1130 3763 1267 3832; x_wconf 65' lang='grc' dir='ltr'><em>ἔστελλεν</em></span> <span class='ocrx_word' id='word_1_357' title='bbox 1293 3762 1312 3848; x_wconf 79' lang='grc' dir='ltr'><strong><em>ἦ</em></strong></span> <span class='ocrx_word' id='word_1_358' title='bbox 1334 3757 1423 3834; x_wconf 61' lang='lat' dir='ltr'><strong>adiit,</strong></span> 
     </span>
     <span class='ocr_line' id='line_1_40' title="bbox 265 3841 1423 3940; baseline -0.008 -23"><span class='ocrx_word' id='word_1_359' title='bbox 265 3851 361 3940; x_wconf 77' lang='grc' dir='ltr'><em>ᾤχετο</em></span> <span class='ocrx_word' id='word_1_360' title='bbox 388 3849 445 3916; x_wconf 75' lang='grc' dir='ltr'><strong>σὺν</strong></span> <span class='ocrx_word' id='word_1_361' title='bbox 472 3853 516 3938; x_wconf 76' lang='grc' dir='ltr'><strong>τῷ</strong></span> <span class='ocrx_word' id='word_1_362' title='bbox 544 3845 743 3934; x_wconf 81' lang='grc' dir='ltr'><em>πρεσβυτάτῳ</em></span> <span class='ocrx_word' id='word_1_363' title='bbox 771 3845 896 3936; x_wconf 74' lang='grc' dir='ltr'><em>ἀδελφῷ</em></span> <span class='ocrx_word' id='word_1_364' title='bbox 916 3844 1128 3938; x_wconf 77' lang='grc' dir='ltr'><em>Πολεμάρχῳ,</em></span> <span class='ocrx_word' id='word_1_365' title='bbox 1154 3841 1245 3934; x_wconf 43' lang='grc' dir='ltr'><em>,ἦσαν</em></span> <span class='ocrx_word' id='word_1_366' title='bbox 1264 3849 1324 3936; x_wconf 76' lang='grc' dir='ltr'><strong>γάρ</strong></span> <span class='ocrx_word' id='word_1_367' title='bbox 1345 3844 1423 3929; x_wconf 78' lang='grc' dir='ltr'><em>αὐτῷ</em></span> 
     </span>
     <span class='ocr_line' id='line_1_41' title="bbox 265 3928 1487 4022; baseline 0 -20"><span class='ocrx_word' id='word_1_368' title='bbox 265 3943 316 4002; x_wconf 83' lang='grc' dir='ltr'><strong>καὶ</strong></span> <span class='ocrx_word' id='word_1_369' title='bbox 338 3933 426 4000; x_wconf 73' lang='lat' dir='ltr'><strong>«illoc</strong></span> <span class='ocrx_word' id='word_1_370' title='bbox 447 3932 520 4012; x_wconf 79' lang='grc' dir='ltr'><em>δύο,</em></span> <span class='ocrx_word' id='word_1_371' title='bbox 551 3931 686 4010; x_wconf 77' lang='grc' dir='ltr'><em>Εάδιιλος</em></span> <span class='ocrx_word' id='word_1_372' title='bbox 707 3931 924 4020; x_wconf 70' lang='grc' dir='ltr'><strong>(Εὐθύδημος)</strong></span> <span class='ocrx_word' id='word_1_373' title='bbox 947 3936 998 4000; x_wconf 80' lang='grc' dir='ltr'><strong>καλ</strong></span> <span class='ocrx_word' id='word_1_374' title='bbox 1019 3931 1292 4022; x_wconf 84' lang='grc' dir='ltr'><em>Βράχυλλος,τοῦ</em></span> <span class='ocrx_word' id='word_1_375' title='bbox 1314 3928 1424 4016; x_wconf 76' lang='grc' dir='ltr'><em>πατρὸς</em></span> <span class='ocrx_word' id='word_1_376' title='bbox 1486 3951 1487 3954; x_wconf 76' lang='grc'>’</span> 
     </span>
     <span class='ocr_line' id='line_1_42' title="bbox 264 4015 1423 4106; baseline -0.004 -21"><span class='ocrx_word' id='word_1_377' title='bbox 264 4021 324 4105; x_wconf 79' lang='grc' dir='ltr'><strong>ἤδη</strong></span> <span class='ocrx_word' id='word_1_378' title='bbox 336 4017 589 4102; x_wconf 82' lang='grc' dir='ltr'><em>τετελευτηκότος,</em></span> <span class='ocrx_word' id='word_1_379' title='bbox 609 4015 653 4096; x_wconf 83' lang='grc' dir='ltr'><strong>ὡς</strong></span> <span class='ocrx_word' id='word_1_380' title='bbox 672 4017 864 4102; x_wconf 82' lang='grc' dir='ltr'><em>κοινωνήσων</em></span> <span class='ocrx_word' id='word_1_381' title='bbox 883 4023 939 4087; x_wconf 80' lang='grc' dir='ltr'><strong>τοῦ</strong></span> <span class='ocrx_word' id='word_1_382' title='bbox 960 4015 1085 4106; x_wconf 80' lang='grc' dir='ltr'><em>κλήρου,</em></span> <span class='ocrx_word' id='word_1_383' title='bbox 1106 4019 1159 4105; x_wconf 69' lang='grc' dir='ltr'><em>ῗτη</em></span> <span class='ocrx_word' id='word_1_384' title='bbox 1179 4019 1308 4106; x_wconf 71' lang='grc' dir='ltr'><em>γεγονὼς</em></span> <span class='ocrx_word' id='word_1_385' title='bbox 1327 4036 1423 4083; x_wconf 84' lang='grc' dir='ltr'><em>πεντε-</em></span> 
     </span>
    </p>

    <p class='ocr_par' dir='ltr' id='par_1_5' title="bbox 239 4101 1486 4532">
     <span class='ocr_line' id='line_1_43' title="bbox 239 4101 1424 4194; baseline -0.002 -23"><span class='ocrx_word' id='word_1_386' title='bbox 239 4137 241 4143; x_wconf 63' lang='grc'><em>’</em></span> <span class='ocrx_word' id='word_1_387' title='bbox 265 4107 405 4182; x_wconf 69' lang='lat' dir='ltr'><strong>saldene,</strong></span> <span class='ocrx_word' id='word_1_388' title='bbox 427 4107 476 4170; x_wconf 77' lang='grc' dir='ltr'><strong>ἐπὶ</strong></span> <span class='ocrx_word' id='word_1_389' title='bbox 497 4105 708 4190; x_wconf 76' lang='grc' dir='ltr'><em>Πραξιτέλους</em></span> <span class='ocrx_word' id='word_1_390' title='bbox 729 4101 885 4189; x_wconf 85' lang='grc' dir='ltr'><em>άρχοντος.</em></span> <span class='ocrx_word' id='word_1_391' title='bbox 927 4104 1023 4171; x_wconf 77' lang='lat' dir='ltr'><strong>Naue</strong></span> <span class='ocrx_word' id='word_1_392' title='bbox 1045 4107 1124 4173; x_wconf 83' lang='lat' dir='ltr'><strong>enim</strong></span> <span class='ocrx_word' id='word_1_393' title='bbox 1145 4115 1193 4171; x_wconf 86' lang='lat' dir='ltr'><strong>est</strong></span> <span class='ocrx_word' id='word_1_394' title='bbox 1207 4105 1323 4194; x_wconf 80' lang='lat' dir='ltr'><strong>Lysias</strong></span> <span class='ocrx_word' id='word_1_395' title='bbox 1343 4119 1424 4192; x_wconf 66' lang='lat' dir='ltr'><strong>prat·</strong></span> 
     </span>
     <span class='ocr_line' id='line_1_44' title="bbox 265 4183 1486 4279; baseline -0.004 -22"><span class='ocrx_word' id='word_1_396' title='bbox 265 4207 330 4258; x_wconf 89' lang='lat' dir='ltr'><strong>tore</strong></span> <span class='ocrx_word' id='word_1_397' title='bbox 350 4189 496 4272; x_wconf 92' lang='lat' dir='ltr'><strong>Philocle,</strong></span> <span class='ocrx_word' id='word_1_398' title='bbox 518 4191 547 4257; x_wconf 91' lang='lat' dir='ltr'><strong>h.</strong></span> <span class='ocrx_word' id='word_1_399' title='bbox 563 4213 589 4256; x_wconf 91' lang='lat' dir='ltr'><strong>e.</strong></span> <span class='ocrx_word' id='word_1_400' title='bbox 603 4189 720 4279; x_wconf 88' lang='lat' dir='ltr'><strong>Olymp.</strong></span> <span class='ocrx_word' id='word_1_401' title='bbox 733 4189 859 4256; x_wconf 82' lang='lat' dir='ltr'>bXXX.</span> <span class='ocrx_word' id='word_1_402' title='bbox 880 4192 919 4254; x_wconf 73' lang='lat'><strong>2,</strong></span> <span class='ocrx_word' id='word_1_403' title='bbox 932 4190 1030 4277; x_wconf 90' lang='lat' dir='ltr'><strong>itaque</strong></span> <span class='ocrx_word' id='word_1_404' title='bbox 1050 4200 1119 4255; x_wconf 86' lang='lat' dir='ltr'><strong>tunc</strong></span> <span class='ocrx_word' id='word_1_405' title='bbox 1141 4212 1250 4256; x_wconf 92' lang='lat' dir='ltr'><strong>annum</strong></span> <span class='ocrx_word' id='word_1_406' title='bbox 1271 4191 1334 4276; x_wconf 81' lang='lat' dir='ltr'><strong>egit</strong></span> <span class='ocrx_word' id='word_1_407' title='bbox 1343 4183 1423 4272; x_wconf 81' lang='lat' dir='ltr'><strong>quin·</strong></span> <span class='ocrx_word' id='word_1_408' title='bbox 1485 4213 1486 4234; x_wconf 69' lang='grc' dir='ltr'><em>ι</em></span> 
     </span>
     <span class='ocr_line' id='line_1_45' title="bbox 265 4267 1422 4362; baseline -0.006 -19"><span class='ocrx_word' id='word_1_409' title='bbox 265 4287 325 4344; x_wconf 93' lang='lat' dir='ltr'><strong>tum</strong></span> <span class='ocrx_word' id='word_1_410' title='bbox 352 4275 503 4342; x_wconf 89' lang='lat' dir='ltr'><strong>decimum.</strong></span> <span class='ocrx_word' id='word_1_411' title='bbox 551 4275 681 4340; x_wconf 88' lang='lat' dir='ltr'><strong>Prorsus</strong></span> <span class='ocrx_word' id='word_1_412' title='bbox 711 4285 880 4362; x_wconf 83' lang='lat' dir='ltr'><strong>congruunt</strong></span> <span class='ocrx_word' id='word_1_413' title='bbox 906 4295 980 4360; x_wconf 86' lang='lat' dir='ltr'><strong>qnae</strong></span> <span class='ocrx_word' id='word_1_414' title='bbox 1006 4275 1096 4340; x_wconf 88' lang='lat' dir='ltr'><strong>tradit</strong></span> <span class='ocrx_word' id='word_1_415' title='bbox 1121 4275 1251 4362; x_wconf 89' lang='lat' dir='ltr'><strong>Dionys.</strong></span> <span class='ocrx_word' id='word_1_416' title='bbox 1272 4267 1422 4355; x_wconf 73' lang='lat' dir='ltr'><strong>denyse</strong></span> 
     </span>
     <span class='ocr_line' id='line_1_46' title="bbox 264 4355 1421 4450; baseline -0.009 -23"><span class='ocrx_word' id='word_1_417' title='bbox 264 4363 356 4428; x_wconf 80' lang='lat' dir='ltr'><strong>ludio.</strong></span> <span class='ocrx_word' id='word_1_418' title='bbox 378 4383 403 4426; x_wconf 87' lang='lat' dir='ltr'><strong>c.</strong></span> <span class='ocrx_word' id='word_1_419' title='bbox 426 4363 461 4426; x_wconf 87' lang='lat'><strong>1:</strong></span> <span class='ocrx_word' id='word_1_420' title='bbox 486 4359 702 4444; x_wconf 68' lang='grc' dir='ltr'><em>Ἕγεννήθηάέ</em></span> <span class='ocrx_word' id='word_1_421' title='bbox 717 4356 867 4446; x_wconf 74' lang='grc' dir='ltr'><em>Ἀθήνῃσι</em></span> <span class='ocrx_word' id='word_1_422' title='bbox 885 4363 1076 4440; x_wconf 80' lang='grc' dir='ltr'><em>μετοικοῦντι</em></span> <span class='ocrx_word' id='word_1_423' title='bbox 1097 4365 1141 4450; x_wconf 71' lang='grc' dir='ltr'><strong>τῷ</strong></span> <span class='ocrx_word' id='word_1_424' title='bbox 1163 4358 1271 4445; x_wconf 72' lang='grc' dir='ltr'><em>πατρί,</em></span> <span class='ocrx_word' id='word_1_425' title='bbox 1293 4355 1343 4420; x_wconf 78' lang='grc' dir='ltr'><strong>καλ</strong></span> <span class='ocrx_word' id='word_1_426' title='bbox 1352 4373 1421 4417; x_wconf 68' lang='grc' dir='ltr'><em>συν·</em></span> 
     </span>
     <span class='ocr_line' id='line_1_47' title="bbox 263 4442 1485 4532; baseline -0.009 -19"><span class='ocrx_word' id='word_1_427' title='bbox 263 4442 433 4528; x_wconf 71' lang='grc' dir='ltr'><em>ειιαιδεάθη</em></span> <span class='ocrx_word' id='word_1_428' title='bbox 454 4455 518 4523; x_wconf 83' lang='grc' dir='ltr'><em>τοῖς</em></span> <span class='ocrx_word' id='word_1_429' title='bbox 539 4443 791 4532; x_wconf 72' lang='grc' dir='ltr'><em>ἐπιφανεστάτοις</em></span> <span class='ocrx_word' id='word_1_430' title='bbox 806 4444 992 4528; x_wconf 66' lang='grc' dir='ltr'><em>Ἀθηναίων,</em></span> <span class='ocrx_word' id='word_1_431' title='bbox 1014 4442 1067 4530; x_wconf 76' lang='lat' dir='ltr'><strong>i&#39;aq</strong></span> <span class='ocrx_word' id='word_1_432' title='bbox 1088 4445 1123 4516; x_wconf 76' lang='grc' dir='ltr'><strong>δέ</strong></span> <span class='ocrx_word' id='word_1_433' title='bbox 1149 4443 1421 4518; x_wconf 61' lang='lat' dir='ltr'><strong>temereternere-</strong></span> <span class='ocrx_word' id='word_1_434' title='bbox 1484 4513 1485 4524; x_wconf 19' lang='grc' dir='ltr'><em>ρ</em></span> 
     </span>
    </p>
   </div>
   <div class='ocr_carea' id='block_1_3' title="bbox 0 0 1514 5064">
    <p class='ocr_par' dir='ltr' id='par_1_6' title="bbox 0 0 1514 5064">
     <span class='ocr_line' id='line_1_48' title="bbox 0 0 1514 5064; baseline 0 0"><span class='ocrx_word' id='word_1_435' title='bbox 0 0 1514 5064; x_wconf 95' lang='lat' dir='ltr'><strong> </strong></span> 
     </span>
    </p>
   </div>
  </div>
 </body>
</html>
