3004 5048
342 315 403 388 nn
423 315 566 396 annuo.
582 317 770 390 couonn.
789 320 895 392 κστ.
916 269 1061 401 dumo.
1219 325 1285 396 eoa

83 571 87 576 Δ
200 486 271 554 Kal
290 484 353 571 μὴν
372 491 475 574 παρῆν
494 483 610 571 τεμόχη
630 487 687 569 μέν
707 475 912 572 έξοιπτημένα,ι

199 574 493 655 Καταχνσματέοισι
523 574 763 638 παντοδαποῖσιν
783 572 932 662 εὐπρεπῆ,

203 653 369 722 Τεότλοισέ
386 656 417 724 τ’
441 655 573 742 ἐγχέλεια
593 659 873 743 συγκεκαλυμμένα.

102 737 209 830 vulgo
233 742 361 826 ιδτρεπῆ
387 743 515 831 legitur,
541 742 618 830 quod
644 743 740 809 minus
768 750 866 834 aptum
886 743 1016 810 videtur:
1044 745 1162 812 tertium
1188 751 1284 814 autem
1408 730 1412 744 ’

102 844 238 891 versum
258 826 370 893 Pollux
389 828 554 894 rectissime
575 828 784 917 suppeditavit:
812 829 861 893 ubi
882 828 959 915 qnod
979 829 1092 918 legitur
1111 829 1237 916 έγχέλοοι
1257 834 1285 898 si
1409 847 1410 850 ’

125 911 179 975 uis
205 911 348 977 defendat
392 911 584 978 calumniatus
606 935 674 978 esse
695 913 860 978 censendus
882 914 949 979 erit.
970 911 1110 984 Ceterum
1129 938 1284 1008 componas

103 929 267 1062 bubulum
287 998 320 1061 iu
340 961 425 1062 hlrho
446 996 523 1086 aqud
543 997 731 1064 Athenaeum
751 997 820 1066 Vll.
840 1020 870 1088 p.
890 1000 956 1064 300
971 997 1015 1064 B:

199 1077 327 1168 Νόμφα
348 1077 553 1168 ἀπειρόγαμος
572 1080 687 1172 τεύτλῳ
708 1084 776 1169 περὶ
796 1089 888 1166 σῶμα
909 1079 1060 1162 καλυπτό,

201 1161 393 1254 Λευκόχρως
414 1192 457 1231 πα
479 1166 573 1246 ἔσται,
1023 1220 1026 1230 ,

106 1333 116 1351 0
197 1246 358 1335 Ἔγχελος,
380 1240 406 1316 ὦ
426 1192 505 1337 μέγα
524 1278 579 1336 μοι
599 1250 678 1338 μέγα
699 1275 748 1318 σοι
768 1255 838 1339 φῶς
858 1251 979 1340 quadis
1001 1249 1132 1337 ἐναργές.

105 1333 194 1402 idem
216 1335 251 1400 in
271 1333 344 1402 lone
364 1335 489 1404 ibidem:
629 1377 632 1386 ,
746 1413 749 1420 ,

467 1417 524 1486 A?
540 1444 573 1485 τι
594 1414 823 1503 λιμνοσιόματοι
857 1459 861 1468 ·

200 1497 351 1570 Βοιώτιαι
372 1507 517 1591 παρῆσαν
533 1505 661 1592 έγχέλιις
679 1507 754 1573 θεολ

202 1587 317 1654 Tabai-¹
340 1585 558 1672 ἀμπεχόμεναι.

104 1669 205 1742 Adde
226 1672 330 1740 Aristo
349 1673 457 1742 harem
478 1676 511 1739 in
531 1675 613 1739 Pace
632 1691 663 1740 v.
675 1673 769 1744 1⁰12.
810 1672 874 1741 lam
893 1691 923 1740 υ.
945 1673 987 1743 14
1007 1675 1035 1740 ai
1056 1673 1120 1760 quis
1142 1672 1285 1756 offendat,

103 1759 223 1849 poterit
243 1781 308 1826 cum
329 1695 487 1826 liindorfio
508 1759 655 1824 seribere:

192 1841 342 1910 Ἥδιατον
363 1842 630 1925 ἀπατμίζοντα
657 1845 709 1907 καλ
729 1839 846 1925 χόλικες
870 1835 955 1923 βοός.

104 1947 139 1995 v.
164 1929 210 1994 17
230 1928 323 2012 vulgo
343 1927 373 1993 le
396 1929 500 1992 ebatur
519 1925 659 2012 γάλακτι,
681 1928 758 2014 quod
779 1948 930 1992 numerum
952 1925 1069 2010 euertit,
1091 1931 1172 1992 reete
1192 1926 1285 2016 igitur

105 2012 293 2078 Dindorfius
315 2011 354 2078 ad
422 2011 528 2102 ‘steph
549 2011 674 2100 Fragm.
695 2035 725 2102 p.
745 2011 828 2078 231:

200 2097 317 2184 Παρῆν
338 2096 372 2162 δέ
390 2094 521 2184 χόνδρος
541 2095 678 2180 γάλατι
699 2093 952 2179 κατανενιμμένος

196 2177 257 2246 Ἐν
282 2179 492 2263 καταχύτλοις
511 2176 665 2249 λεκάναισι
691 2184 743 2246 καλ
769 2175 849 2246 ardon
873 2177 974 2262 τόμοι.

1 2261 2 2264 '
106 2265 155 2334 uti
175 2265 258 2332 idem
278 2267 407 2332 restituit
426 2266 594 2355 Antiphani
615 2266 692 2356 apud
711 2265 823 2332 Athen.
843 2263 883 2332 X.
904 2287 933 2355 p.
953 2262 1018 2332 449
1038 2263 1081 2330 B:

158 2413 162 2420 .
201 2353 373 2436 Νιογενοῦς
394 2352 524 2434 ποίμνης
544 2350 581 2416 δ’
606 2352 639 2435 έν
659 2349 698 2416 αὖ
731 2394 738 2432 4
760 2347 870 2416 πνικτὰ
887 2349 1180 2436 γαλατοθρέμμονα.

106 2455 211 2586 ogque
239 2453 311 2586 odero
341 2443 499 2586 qeopterea
529 2375 922 2587 eqlpandusrl'hererrates·
941 2441 992 2585 auq
1023 2434 1097 2586 htqee
1116 2435 1158 2584 fei·
1182 2431 1285 2500 fabula

107 2542 185 2586 aro
212 2541 251 2585 an
272 2543 306 2586 a:
368 2543 424 2588 ane
450 2543 530 2588 emm
570 2543 682 2587 ormam
707 2543 729 2586 ιι
765 2541 888 2588 uanam
914 2540 1031 2586 msoen
1061 2542 1090 2584 ιιι
1131 2541 1212 2585 uisse
1237 2540 1286 2584 οο-

154 2543 287 2670 ordimur
318 2591 409 2670 etiam
440 2626 481 2670 ex
507 2605 710 2696 Aristophane
729 2542 938 2693 θ(ὲιιέόιιιιιολίοο
959 2605 1047 2692 apud
1078 2603 1215 2668 Eustath.
1247 2603 1287 2672 ud

139 2690 228 2777 dyss.
243 2711 272 2777 ρ.
284 2687 378 2770 1761,
389 2690 444 2771 37,
465 2689 517 2754 uhi
538 2689 623 2756 docet
633 2687 789 2754 Platonem
801 2689 941 2756 domicum
976 2695 1071 2752 oetam
1087 2709 1115 2754 m
1158 2689 1165 2703 '
1196 2687 1285 2754 etiam

107 2774 258 2840 inusitata
283 2773 381 2838 [orme
400 2768 488 2838 huius
509 2770 595 2840 uerbi
619 2793 705 2839 usum
725 2773 836 2839 luisse:
867 2775 934 2839 Kal
1009 2767 1090 2835 όταν
1111 2773 1130 2836 δ
1149 2819 1160 2848 ,
1181 2771 1285 2857 φησίν,

109 2855 288 2940 όκιομικός
314 2853 331 2922 ὃ
359 2853 524 2942 πρόσοικος
552 2857 668 2942 εἴρηκεν
694 2855 762 2922 ἀντὶ
786 2862 842 2924 τοῦ
870 2851 1034 2941 πρόσωπον
1063 2858 1113 2918 καλ
1135 2854 1202 2920 ἀντὶ
1228 2860 1285 2920 τοῦ

107 2941 267 3030 γάλακτος
288 2937 307 3026 ἢ
328 2937 460 3030 γόλατος
480 2947 536 3008 τοῦ
557 2940 638 3027 γάλα
659 2939 753 3006 έκλινε
774 2935 997 3022 δισσυλλόβως.
1025 2939 1077 3005 Uti
1096 2937 1185 3006 Plato
1204 2937 1285 3025 γόλα

110 3029 192 3094 dixit
213 3027 331 3114 obhquo
354 3049 435 3111 casu,
457 3027 500 3093 sic
521 3028 610 3093 etiam
628 3025 815 3092 Philoxenus
836 3025 904 3092 dith
921 3026 1088 3093 iamborum
1109 3031 1197 3114 poeta
1215 3023 1286 3108 μέλι
1375 3045 1377 3050 ·

65 3123 68 3128 “
109 3121 254 3200 tanquam
274 3113 512 3182 indeclinabilem
532 3133 636 3182 vocem
656 3113 847 3202 usurpavisse
864 3047 1187 3206 adamianorum
1208 3109 1289 3202 apud

109 3197 306 3265 Athenaeum
327 3195 409 3267 XIV.
452 3195 545 3265 ula
568 3195 613 3264 Ca
1013 3265 1018 3274 ,

190 3283 380 3434 ἾΤΙορρκένρς
400 3220 583 3368 δέγόλακτι
603 3281 656 3347 καλ
674 3279 763 3366 μέλι
782 3275 1037 3370 συγκατάφυρτος

138 3426 141 3431 .
274 3393 337 3432 πο
393 3412 403 3432 .

110 3454 156 3522 ita
177 3393 260 3520 enirh
280 3393 415 3540 ababli:
447 3451 585 3518 conferas
607 3449 756 3540 Hesychii
783 3435 929 3542 glossam:
960 3449 1046 3516 Μέλι
1066 3445 1160 3514 ἔοικε·
1185 3445 1283 3530 μέλιτι
1323 3497 1326 3504 .

112 3537 224 3624 ὅμοιόν
246 3539 328 3603 ἐστι.1
343 3573 384 3588 -—
426 3537 466 3608 V.
486 3539 530 3608 25
552 3535 740 3603 defendenda
761 3543 807 3602 est
827 3537 968 3602 hhrorum
989 3537 1119 3610 omnium
1139 3533 1241 3600 leutio:

202 3622 256 3688 Τδι
277 3622 311 3688 δέ
331 3619 407 3706 μῆλ’
432 3623 642 3706 ἐκρέμαντο
663 3619 702 3688 τό
723 3623 804 3686 καλὰ
823 3627 884 3688 τῶν
906 3625 1007 3686 καλῶν
1028 3623 1101 3686 ἰδεῖν

193 3705 292 3792 Ὕπέρ
314 3711 448 3796 κεφαλῆς
469 3709 501 3782 ἐξ
519 3705 642 3785 οὐδενός
662 3703 830 3796 πεφυκότα.
1225 3707 1228 3716 ¹

115 3813 190 3879 quae
217 3791 432 3882 multomagis
460 3792 575 3857 aurium
601 3793 709 3859 iudicio
733 3793 889 3882 probatur,
920 3811 1005 3878 quam
1032 3785 1109 3874 quod
1128 3785 1284 3851 Porsonus

114 3871 414 3966 1ιιοιίροίιέκρέμαιο.
435 3877 514 3943 lllud
534 3899 607 3942 vero
628 3878 667 3942 τὰ
688 3878 767 3942 καλό
781 3883 843 3943 τῶν
864 3881 965 3941 καλῶν
986 3897 1004 3940 a
1025 3872 1204 3938 dubitatione
1224 3866 1283 3935 iam

0 4031 2 4048 q
115 3960 291 4029 ltleinekius
312 3961 400 4052 Spee.
418 3955 462 4028 'li
503 3979 506 3987 ·
533 3965 576 4029 33
598 3962 740 4030 defendit
781 3963 971 4050 Nequaquam
998 3965 1096 4024 autem
1115 3955 1283 4046 improbau-

116 4047 186 4117 duun
207 4047 285 4133 quod
305 4055 392 4137 poeta
412 4040 457 4114 u*
527 4047 617 4112 dixit:

198 4129 408 4212 Ἦβυλλιῶσαι
429 4134 481 4196 καλ
502 4130 541 4196 τό
563 4130 642 4218 ῥόδα
662 4130 852 4216 κεκαρμέναι.
1220 4163 1253 4216 .‘·
1274 4161 1328 4213 '.:=

112 4233 187 4282 nam
208 4220 269 4282 lum
290 4215 404 4282 demum
424 4217 524 4282 littera
544 4241 564 4302 ρ
585 4217 662 4282 solet
681 4216 905 4308 praecedentem
925 4211 1052 4278 litteram
1064 4207 1195 4274 vocalem
1214 4208 1316 4296 qsltia'¹

113 4294 243 4384 dueme,
257 4301 315 4368 ubi
333 4301 386 4367 illa
405 4302 462 4367 sub
482 4301 566 4368 arsin
585 4300 678 4384 cadit,
699 4302 747 4370 siu
766 4301 863 4372 uuus
884 4297 1056 4387 corripitur,
1077 4293 1120 4360 uti
1139 4299 1193 4360 est
1205 4279 1280 4384 apud

118 4383 302 4474 Aeschylum
323 4385 356 4452 in
373 4383 553 4454 Prometheo
571 4405 602 4453 ν.
621 4385 703 4455 71⁵:
