3042 5070
314 303 375 383 DE
394 305 538 384 nmo.
554 305 747 376 (ῖθΜθΕῠ.
768 309 871 380 ΔΤΤ.
892 311 1037 388 amrin.
1217 316 1258 382 dl

82 473 303 576 procedebant,
345 497 464 542 carmen
496 497 558 542 com
580 477 686 544 ositnm
720 485 751 544 et
800 477 926 547 lucidum
958 488 1070 549 stanes
1106 485 1261 566 canebant,

82 560 114 626 rd
137 559 218 646 quod
238 561 303 649 ipse
324 558 542 663 Aristophanes
559 498 727 629 luculenter
747 498 858 631 indicat
877 565 910 630 in
929 565 1040 658 Vespis
1063 589 1090 634 v.
1111 572 1190 654 270,
1211 571 1262 638 uhi

82 646 229 736 parodum
251 646 349 712 statim
370 648 480 735 excipit
500 649 666 713 stasimum:

171 765 215 782 -·
230 721 325 796 Ἀλλά
344 757 399 814 μοι
421 735 510 796 δοκεῖ
525 731 657 810 στοίντας
678 728 788 813 αὐτόν,
816 723 930 820 ὦνδρες

163 812 325 892 ’Άιδοντας
347 816 442 881 adedo
463 819 608 882 ἐκκαλεῖν.

82 899 146 966 Sed
170 898 313 967 Cratinus
343 903 463 968 chorum
484 923 545 966 non
566 904 675 968 leniter
694 903 833 969 incedere
854 909 885 968 et
905 903 1012 968 deinde
1033 906 1183 972 stasimnm
1206 907 1260 973 ali·

81 985 161 1072 quod
190 1009 299 1052 canere
325 988 406 1054 fecit
457 986 588 1054 Chorum
615 996 712 1053 autem
743 1010 762 1053 a
795 989 882 1076 graui
909 989 1007 1074 aliquo
1039 992 1131 1056 verbo
1162 994 1260 1058 incre·

80 1069 175 1161 pandi
195 1071 296 1136 facero
317 1071 432 1138 initium
460 1083 689 1138 consentaneum
715 1081 775 1138 est:
810 1073 926 1138 restitui
952 1075 1046 1162 igitur
1071 1078 1261 1164 proverbium

80 1155 169 1243 vulgi
195 1177 249 1221 ore
275 1157 390 1241 tritum,
424 1157 469 1222 rei
491 1166 587 1223 autem
607 1159 775 1248 propositae
796 1160 1140 1227 accommodatissimum
1182 1165 1259 1248 Πῦρ

82 1244 156 1322 πυρὶ
179 1239 272 1328 ἔγχει,
307 1251 421 1326 ignem
448 1252 525 1326 igni
551 1249 708 1321 infunde,
743 1244 798 1308 hoc
825 1251 871 1310 est
891 1245 1029 1310 iniuriam
1050 1246 1160 1312 iniuria
1181 1269 1259 1314 com·

102 1349 211 1409 enses,
247 1329 452 1394 contumeliam
480 1329 656 1394 contumelia
682 1329 841 1419 propellas.
883 1329 1010 1396 Photius
1036 1353 1065 1420 p.
1092 1330 1173 1414 476,
1201 1335 1258 1400 1⁵:

83 1347 156 1499 lite
178 1412 229 1479 tul
252 1415 339 1500 παρί·
361 1415 527 1496 παροιμία,
549 1403 586 1497 ἦς
605 1414 822 1496 plusquamad
844 1411 995 1480 Πλάτων·
1018 1415 1113 1480 κακὸν
1127 1419 1183 1482 dul
1204 1443 1259 1482 ιια-

85 1503 135 1582 xpi.
189 1495 332 1564 Clemens
358 1497 584 1565 Alexandrinus
631 1503 714 1572 Oete
741 1507 790 1564 ιῖσ
813 1499 905 1564 diver
931 1521 961 1590 p.
981 1502 1012 1566 5.
1058 1500 1105 1566 Τὸ
1137 1503 1174 1585 δὴ
1202 1508 1258 1569 τοῦ

84 1584 174 1667 λόγου
210 1589 272 1667 πῦρ
307 1585 356 1648 aa
389 1589 451 1668 πῦρ
488 1583 733 1667 μετοχετεῦοντες
771 1580 862 1674 oripo)
899 1591 1000 1672 τῦφον
1032 1586 1259 1666 ἐπαντλεῦντις.

84 1669 303 1756 Aristophanes
325 1669 357 1732 in
377 1669 506 1779 Polyido
528 1669 581 1735 Fr.
604 1668 640 1735 1:

163 1753 248 1817 Ἰδοὺ
268 1755 380 1834 δίδωμι
401 1754 488 1836 τηνδ
512 1755 562 1839 lys
590 1749 718 1838 γυναῖκά
740 1777 790 1819 σοι

170 1840 330 1924 Φαίδραν·
360 1841 407 1903 dul
430 1845 491 1923 πῦρ
514 1839 548 1904 δὲ
569 1866 630 1924 παρ
652 1838 729 1921 ἐόιχ’
753 1838 833 1922 ἥξειν
853 1835 945 1924 dyas.

85 1923 270 1990 Concitatum
296 1929 392 1989 autem
420 1931 450 1989 et
475 1925 673 1989 turbulentum
700 1925 794 1988 luisse
816 1933 932 1990 cantum
953 1923 1002 1987 vel
1028 1945 1068 1989 ex
1090 1947 1125 1990 eo
1146 1926 1257 1992 intelli-

86 2031 155 2098 μοι,
191 2008 267 2094 quod
294 2008 467 2096 Hesychius
493 2009 710 2096 dithyramhum
738 2017 836 2074 vocat:
880 2030 955 2096 quae
982 2011 1114 2074 carmina
1138 2011 1198 2076 iam
1223 2013 1256 2076 in

103 2095 227 2183 nncipio
249 2101 335 2158 erant
355 2101 498 2160 commota.
524 2103 555 2158 et
575 2096 659 2180 quasi
679 2093 870 2183 profluentia:
903 2095 946 2160 ita
986 2116 1108 2184 raeceps
1129 2096 1257 2162 inaruit

83 2117 223 2245 l'ratinas
244 2177 276 2242 in
298 2181 423 2328 egrepio
436 2181 488 2244 illo
510 2180 640 2244 carmine
662 2179 739 2268 apud
760 2181 947 2246 Athenaeum
966 2115 1052 2250 llll
1073 2203 1102 2270 p.
1122 2182 1196 2248 617.
1218 2180 1255 2250 C.

84 2265 132 2331 uhi
152 2267 185 2330 in
207 2263 330 2328 abusum
351 2266 372 2328 ti
394 2266 441 2330 iae
467 2266 629 2330 invehitur:

168 2353 227 2424 Τίς
249 2345 265 2413 ὁ
287 2345 428 2436 θόρυβος
449 2347 515 2431 ὅδε;
542 2353 574 2415 τί
593 2347 666 2414 τάδε
688 2349 727 2414 τὰ
746 2345 945 2434 paefatam,-

169 2437 226 2510 Τίς
246 2432 337 2519 ὕβρις
357 2432 465 2516 ἴμολεν
486 2437 534 2500 ἐπὶ
556 2433 749 2500 Διονυσιάδα
771 2432 973 2521 πολυπάταγα
1000 2435 1158 2519 &vastam

160 2515 255 2599 Ἔμὸς
266 2519 339 2600 ἔμδς
360 2516 376 2585 ὅ
399 2517 550 2603 Βρόμιος·
574 2521 627 2600 ἐμὲ
639 2523 688 2586 δεῖ
700 2523 845 2597 κελαδεῖν,

161 2603 235 2683 Ἐμὲ
256 2607 306 2669 δεῖ
328 2615 474 2690 παταγεῖν
494 2605 547 2670 ἀν’
572 2605 646 2691 δ’ρεα
667 2603 797 2690 σύμενον
817 2602 897 2689 μετὰ
916 2601 1077 2672 Ναϊιίδων.

169 2684 231 2754 Οἷά
251 2715 283 2754 τε
304 2688 414 2755 κύκνον

158 2772 302 2838 trudone
325 2772 554 2860 ποικιλόπτερον
573 2776 676 2858 με’λος.

78 2860 127 2924 Ita
146 2860 225 2924 enim
248 2861 376 2948 corrigo.
420 2859 482 2926 Sed
494 2870 526 2926 ut
546 2863 585 2926 ad
604 2860 722 2927 Cratini
737 2861 880 2927 Pastores
902 2865 1070 2925 revertatur
1090 2860 1195 2942 oratio,
1217 2883 1254 2927 ea

100 2967 155 3009 uae
175 2945 311 3010 homines
334 2946 410 3012 docti
451 2954 646 3038 reposuerunt
671 2946 829 3025 hocloco,
863 2966 966 3032 parum
987 2945 1059 3009 mihi
1080 2946 1253 3033 probantur.

78 2967 121 3094 ht
142 3027 345 3096 Casaubomus
367 2968 482 3116 quiddam
510 3031 547 3096 ad
573 3029 685 3096 Athen.
711 3029 795 3098 XIV.
820 3051 849 3117 p.
876 3031 954 3094 908:
1007 3035 1069 3114 πῦρ
1092 3035 1154 3114 πῦρ
1175 3028 1253 3115 ἔγχει

80 3115 213 3180 coniecit.
255 3113 320 3180 Alii
342 3117 410 3182 alia.
453 3114 593 3182 Ceterum
614 3116 746 3202 equidem
774 3116 862 3181 credo
883 3115 1053 3180 archontem
1078 3115 1190 3197 luisse,
1221 3116 1254 3183 id

80 3195 156 3285 quod
178 3200 304 3264 dilucide
326 3201 498 3290 Hesychius
519 3203 644 3282 indicat,
682 3223 742 3266 non
764 3200 926 3289 choragum
947 3201 996 3285 qui
1016 3201 1112 3289 poetis
1132 3201 1254 3267 chorum

80 3284 268 3350 concederet:
311 3285 408 3351 Plane
436 3289 590 3352 confirmat
617 3286 797 3352 Aristoteles
819 3285 904 3352 Post.
926 3307 951 3349 c.
972 3287 1005 3367 ⁵,
1026 3287 1061 3350 3:
1106 3286 1252 3374 Καλγὰρ

78 3370 172 3456 χορὸν
211 3373 368 3458 κωμῳδῶν
395 3371 458 3453 ὀψέ
482 3397 554 3437 ποτε
588 3369 603 3434 ὃ
631 3370 736 3458 ἄρχων
762 3370 882 3436 ἔδωκεν.
931 3368 1006 3438 Cum
1040 3372 1119 3436 onim
1156 3372 1252 3460 publi·

80 3479 130 3520 cus
166 3464 279 3521 sumtus
311 3458 398 3522 lieret
428 3479 514 3543 quam
546 3458 691 3540 maximus
725 3458 757 3522 in
790 3457 899 3524 fabulis
932 3455 1059 3543 agendis
1096 3457 1253 3544 chorisque

79 3541 279 3624 instruendis,
312 3549 482 3630 partemque
507 3550 619 3611 tantum
641 3543 788 3630 choragus
810 3543 988 3630 susciperet,
1021 3548 1252 3608 consentaneum

81 3634 126 3692 est
146 3626 265 3716 publica
284 3629 455 3694 auctoritate
476 3628 606 3693 delectos
633 3650 700 3692 esse
721 3633 839 3716 poetas,
873 3627 923 3712 qui
948 3626 1065 3690 fabulas
1096 3626 1250 3692 docerent:

81 3713 236 3801 praecipue
258 3734 323 3780 cum
343 3735 473 3778 summus
494 3713 591 3780 honor
610 3709 794 3778 redundaret
817 3711 855 3777 ad
876 3719 1007 3802 poetam,
1041 3713 1068 3776 si
1095 3713 1251 3800 impetras-

84 3803 141 3878 set,
161 3819 218 3862 nec
239 3783 336 3862 mihor
356 3798 536 3886 ignominia,
564 3799 591 3866 si
612 3821 665 3947 spe
686 3797 853 3865 decidisset
896 3795 978 3864 Hinc
999 3797 1108 3862 sactum
1130 3804 1190 3880 est,
1218 3802 1273 3874 ut,

80 3881 172 3966 χορὸν
200 3881 318 3946 διδόναι
340 3884 373 3946 in
394 3885 580 3972 proverbium
607 3883 704 3948 airet
730 3891 760 3948 et
786 3883 824 3950 de
851 3903 887 3948 eo
916 3881 1078 3964 diceretur,
1112 3882 1162 3967 qui
1188 3903 1251 3946 ma·

104 3989 170 4034 num
192 3967 310 4054 aliquod
351 3969 442 4034 etenti
464 3967 653 4050 concederet,
688 3976 721 4033 ut
740 3975 787 4033 est
806 3967 883 4058 apud
904 3967 1060 4032 Platonem
1087 3967 1124 4031 de
1145 3967 1249 4056 Legg.

80 3987 146 4121 l'll.
168 4075 198 4142 p.
218 4054 292 4120 817.
346 4079 368 4122 .:
398 4050 453 4122 ’Ὰν
472 4055 529 4137 μὲν
549 4053 588 4118 cd
611 4053 691 4118 αῦτιί
711 4077 743 4136 γε
764 4051 784 4136 ἢ
805 4055 856 4118 nol
872 4053 982 4134 βελτίω
1004 4051 1043 4116 τὰ
1063 4050 1140 4138 παρ’
1162 4049 1251 4134 ὑμῶν

78 4140 226 4222 φαίνηται
254 4135 400 4222 λεγόμενα
422 4135 562 4223 δαίσομεν
586 4135 659 4219 ὑμῖν
682 4135 786 4221 χορόν.
813 4145 845 4204 el
865 4137 1043 4204 contrarium
1064 4137 1101 4202 de
1121 4137 1250 4228 Repuhl.

75 4221 116 4290 ll.
137 4245 168 4316 p.
190 4225 264 4292 383.
286 4222 338 4292 (λ’.
365 4221 462 4290 Ὅταν
481 4251 529 4303 τις
549 4231 679 4290 τοιαῦτα
700 4225 771 4310 λέγῃ
794 4226 860 4306 περὶ
882 4229 978 4301 θεῶν,
1019 4222 1250 4304 χαλεπανοῦμέν

75 4333 107 4372 τε
129 4310 183 4374 καλ
201 4307 298 4395 χορὸν
319 4309 355 4376 οδ
375 4308 527 4392 δώσομεν.
567 4307 695 4400 Saepius
715 4311 794 4379 hauc
814 4311 860 4375 ele
884 4309 992 4376 maian
1013 4309 1159 4376 sermonis
1176 4312 1250 4376 'sunt

76 4394 217 4461 aemulati
244 4395 389 4479 seriores,
426 4404 460 4462 ut
484 4396 634 4463 Eusebius
659 4393 748 4462 X111.
771 4397 818 4478 da
892 4403 937 4470 οῖς
964 4392 999 4459 δὲ
1019 4387 1123 4472 ἄλλοις
1143 4393 1249 4478 λίνου-
