3096 5062
248 274 312 341 2⁰0
576 329 579 334 .
621 265 1027 338 commutatores

248 441 297 507 uhi
319 463 377 505 nou
401 446 511 507 temere
533 435 686 506 Cimonem
706 445 815 502 υὸνυιι
836 442 984 510 divim
1004 435 1177 538 appellavit,
1200 436 1408 526 sedquoniam

248 527 299 593 ille
320 546 502 616 ummopere
513 524 815 590 Lacedaemoniorum
836 523 966 589 modius
987 529 1017 588 et
1037 523 1178 588 mstitutis
1201 523 1407 611 delectabatur,

248 633 314 676 eum
347 611 403 676 hoe
429 611 587 699 praeconio
620 609 784 690 decoravit,
810 607 886 693 quod
920 607 997 672 and
1022 605 1186 696 Spartanos
1218 609 1292 675 viris
1320 611 1407 677 claris

248 702 279 762 et
303 696 405 786 probis
424 695 514 760 tribui
543 693 671 774 solebat,
692 693 752 758 vid.
773 713 864 781 supra
883 713 913 781 p.
935 629 988 774 λλ,
1008 693 1106 778 itaque
1128 693 1214 757 etiam
1236 695 1268 758 in
1289 695 1346 760 hac
1366 696 1409 762 fa·

248 780 331 860 huia,
352 779 403 845 uhi
421 779 580 867 imaginem
602 777 681 842 vitae
701 777 797 842 felicis
818 783 904 863 atque
926 777 1028 842 beatae
1050 777 1184 842 exhihuit
1204 779 1241 843 ad
1257 779 1410 846 Lacedae

247 865 411 932 omniorum
432 861 670 930 cousuetudinem
711 861 830 962 luraque
850 860 989 926 retulisse
1010 861 1134 927 videtur.
1169 859 1295 928 Censuit
1315 872 1409 934 auten

249 949 389 1018 Cratinus
411 950 443 1014 in
464 949 519 1012 hac
541 946 658 1028 fabula,
709 947 880 1011 themenses
909 952 969 1010 tum
991 945 1106 1011 demum
1126 968 1303 1036 recuperare
1323 971 1410 1040 posse

224 1057 346 1102 *rerum
367 1041 398 1099 et
417 1032 597 1122 publicarum
618 1037 649 1095 et
670 1030 893 1096 domesticarum
914 1035 1020 1095 statum
1041 1031 1158 1096 felicem
1180 1040 1209 1096 et
1229 1033 1363 1119 beatum,
1386 1039 1416 1102 si

248 1119 383 1188 Cimonis
402 1119 586 1182 honestatem
608 1122 638 1180 et
659 1115 863 1180 liberalitatem
875 1135 936 1178 non
957 1115 1051 1180 solum
1064 1115 1289 1200 admirarentur,
1310 1141 1414 1188 verum

248 1207 336 1270 etiam
356 1203 415 1294 ipsi
436 1208 638 1288 sequerentur.
665 1201 769 1286 Neque
789 1220 861 1264 vero
874 1199 979 1264 mirum
1000 1207 1047 1264 est
1062 1200 1155 1282 illud,
1177 1201 1253 1288 quod
1273 1211 1360 1292 poeta
1382 1208 1414 1272 in

247 1289 389 1354 felicitate
405 1283 578 1352 exornanda
589 1284 891 1349 Lacedaemoniorum
903 1284 1039 1349 instituta
1059 1292 1090 1350 et
1100 1306 1198 1350 mores
1219 1296 1337 1354 secutus
1359 1293 1414 1356 sit:

249 1373 357 1440 Cimon
380 1372 458 1436 enim
480 1371 588 1454 aliique
604 1369 663 1433 uiri
683 1369 768 1458 probi
790 1376 820 1434 et
840 1369 958 1434 honesti
978 1390 1038 1433 non
1059 1370 1160 1458 pauci,
1187 1379 1220 1435 ut
1240 1374 1351 1440 salvam
1368 1377 1416 1440 in-

250 1467 421 1556 tegramque
441 1462 627 1544 praestarent
647 1474 709 1518 rem
731 1453 886 1554 puplicam,
909 1453 946 1518 ad
957 1452 1258 1520 Lacedaemoniorum
1282 1459 1416 1527 instituta

105 1599 125 1610 ,,
250 1564 284 1608 se
306 1542 500 1641 applicarunt:
532 1537 607 1624 quod
630 1537 745 1624 quidem
766 1537 876 1602 mimici
903 1559 993 1628 saepe
1018 1559 1139 1604 numero
1161 1544 1417 1630 exprobraverunt

240 1626 384 1708 Cimona,
404 1625 463 1690 vid.
485 1623 609 1712 Eupolis
630 1621 706 1711 apud
726 1621 878 1687 Plutarch.
898 1623 951 1688 vit.
973 1621 1050 1690 Cim.
1072 1645 1097 1689 ο.
1119 1625 1175 1691 15:
1202 1627 1265 1692 Διὸ
1286 1632 1337 1694 καὶ
1358 1636 1415 1696 τοῦ

248 1713 394 1791 Κίμωνος
415 1705 457 1785 ὥς
477 1711 648 1790 ἐπανῆλθεν
669 1706 913 1791 ἀγανακτοῦντος
939 1708 987 1772 ent
1009 1712 1054 1796 τῷ
1075 1714 1357 1793 προπηλακίζεσθαι
1377 1715 1412 1781 τδ

250 1795 370 1906 ἄξίωρια
391 1797 446 1859 τοῦ
473 1794 644 1940 συνεδρίου,
659 1788 1035 1960 ιηρλλεηηεγρηιγένοργεηυὲην
1046 1789 1316 1944 ἀδηρωηδὶτρίκας
1336 1799 1414 1866 ἄνα-

249 1878 582 2048 δδδίίσῖδνιισλλλλιελδί,
597 1880 660 2026 ἐλαί
686 1962 740 2026 τὸν
760 1901 875 2044 δῆμονς
887 1901 1086 2046 dilapidator?
1107 1905 1204 2028 ἔκεῖνρδ
1224 1908 1415 2059 τῗνίδκιῗρτδς

250 2049 306 2134 τὴν
332 2049 405 2114 ἀδελ
500 2043 713 2128 ἀνανεούμενοι
741 2049 791 2110 καλ
816 2045 1030 2124 Λακωνισμὸν
1055 2047 1283 2130 ἐπικαλοῦντες·
1325 2059 1368 2134 εἷς
1393 2054 1415 2122 λ

252 2137 302 2200 καλ
321 2132 369 2282 τρὶ(
381 2128 832 2298 Ερπόληδοηῧδιοιῆτγθρδηὶηιηογ
852 2132 920 2278 napi
936 2133 1101 2279 κΙὲίμειγνός,
1124 2131 1169 2198 ὅτι

338 2241 530 2366 Κδλίιλτμδν
550 2239 733 2363 turuoae'di’
757 2297 796 2362 ἂν
822 2239 860 2364 dec
876 2241 1098 2382 Αακεδλιίγίδίι,

338 2384 409 2450 Κᾶν
425 2383 603 2467 Ἐλπινίκην
622 2385 711 2466 τηνδε
732 2383 908 2448 καταλιπιδν
927 2381 1034 2468 μόνην.

252 2472 358 2560 quibus
377 2470 514 2536 versibus
541 2469 598 2534 etsi
624 2469 751 2534 comicus
778 2476 865 2558 poeta
885 2470 1075 2559 reprehendit
1096 2469 1264 2558 Cimonem,
1291 2479 1417 2546 eundem
1541 2539 1542 2556 ,

253 2567 351 2622 tamen
361 2556 478 2621 virtutis
515 2575 608 2640 uoque
648 2552 785 2618 meconio
807 2561 908 2618 ornat:
930 2561 1000 2619 sunt
1020 2563 1116 2622 antem
1131 2557 1205 2624 haec
1219 2565 1418 2638 exylla-bibus

252 2644 359 2734 petita,
380 2641 410 2705 id
432 2575 515 2726 qnod
529 2639 614 2704 docet
628 2575 802 2704 hoholiasta
814 2639 957 2704 Aristidis
974 2639 1016 2705 T.
1029 2641 1086 2706 lll.
1128 2644 1211 2709 ‚515
1233 2645 1280 2711 ed.
1295 2647 1417 2715 Dindf.:

253 2727 394 2809 Δίδυμος
414 2727 451 2789 δέ
469 2749 564 2811 φησιν
584 2722 641 2806 οὐχ
661 2720 708 2788 ὅτι
729 2722 917 2803 ἓλακεδνιζεν,
937 2723 1004 2788 ἀλλ’
1028 2723 1103 2790 du'
1146 2730 1246 2816 πινίκη
1267 2737 1306 2815 τῆ
1327 2733 1420 2798 ἀδελ-

253 2817 299 2898 φῇ
321 2815 431 2894 συνῆν·
461 2809 552 2874 αἴτιοι
573 2810 607 2874 δὲ
626 2814 681 2891 τῆς
702 2811 850 2891 διαβολῆς
870 2809 899 2874 oi
919 2812 1046 2892 κωμικοὶ
1069 2814 1119 2874 καλ
1139 2796 1420 2892 μάλισταἘδπο·

254 2901 313 2972 λις
333 2898 370 2960 ἐν
389 2891 565 2960 Πόλεσιν.
600 2892 739 2960 Ceterum
762 2895 798 2959 de
820 2893 954 2960 Cimonis
976 2903 1006 2960 et
1026 2897 1205 2984 optimatium
1226 2899 1419 2987 Laconismo,

253 2981 314 3048 vid.
335 2978 485 3045 Plutarch.
506 2979 577 3044 ibid.
599 2999 623 3043 c.
639 2979 693 3060 lli:
719 2977 758 3042 Oi
779 2977 931 3043 δὲταῦτα
952 2982 1111 3044 κολακείαν
1132 2980 1224 3065 δχλου
1246 2988 1296 3049 καὶ
1318 2989 1420 3071 δημα-

253 3067 366 3152 γωγίαν
387 3062 461 3128 είναι
482 3059 711 3142 διαβάλλοντες,
736 3058 797 3126 ὕπὸ
818 3068 873 3146 τῆς
893 3062 988 3146 ἄλλης
1008 3065 1201 3150 ἐξηλέγχοντο
1228 3076 1284 3135 τοῦ
1306 3070 1421 3160 ἀνδρὸς

254 3149 474 3318 lt’t‘ttdt
497 3146 841 3319 {tlttttttatt
863 3151 1066 3323 diffidis
1079 3149 1420 3308 ⁰ittu..³ltl÷.l·l.⁶

255 3319 360 3399 ruerit,
381 3322 545 3402 quantaque
565 3314 635 3380 inde
645 3316 847 3381 Athenienses
868 3319 1018 3386 commoda
1037 3319 1070 3384 in
1091 3343 1174 3387 suam
1195 3327 1420 3416 rempublicam

256 3399 470 3469 derivaverint:
491 3402 589 3486 itaque
609 3421 670 3466 uon
681 3401 785 3466 mirum
800 3403 827 3466 si
839 3399 946 3468 Cimon
959 3402 1203 3491 Atheniensibus,
1224 3413 1380 3502 praecipue
1393 3415 1420 3478 si

257 3487 325 3574 quid
346 3485 577 3576 reprehensione
589 3491 619 3550 et
630 3486 823 3574 nauigatione
834 3487 955 3576 dignum
972 3489 1236 3572 animadvertisset,
1259 3494 1421 3585 Spartano·

257 3594 321 3638 rum
344 3569 507 3660 exemplum
519 3591 573 3720 pro
594 3587 684 3636 onere
704 3571 807 3636 solitos
829 3573 932 3636 luerit:
954 3573 985 3638 id
1019 3575 1076 3640 nod
1093 3575 1287 3644 Stesimhroto
1302 3591 1421 3648 auctore

257 3657 416 3726 memoriae
455 3656 520 3720 rodi
540 3657 563 3719 it
610 3655 760 3721 lutarehus
781 3655 866 3724 ibid:
905 3655 970 3721 Kal
990 3683 1049 3746 γαρ
1071 3659 1165 3738 αὐτὸς
1184 3665 1232 3727 ἐπὶ
1254 3669 1344 3732 παντί

257 3740 397 3827 γαλδνων
416 3678 472 3824 sia
491 3741 716 3822 Λακεδαίμονα
737 3739 815 3819 πρὸς
830 3741 1016 3823 Ἀθηναίους
1036 3747 1088 3808 καί
1106 3745 1243 3828 μάλιστα
1264 3748 1313 3815 δτε
1334 3745 1422 3836 τυχοι

257 3824 453 3918 μεμφόμενος
482 3824 626 3908 αδτοῖςῆ
653 3823 848 3912 παροξύνων,
875 3823 917 3902 ὥς
944 3851 1021 3913 φησι
1042 3825 1291 3918 Στησίμβροτος,
1319 3836 1422 3902 είώδει

259 3911 366 3996 λίγειν·
386 3911 494 3990 ,Ἀλλ’
518 3909 555 3976 οδ
575 3907 822 3992 Λακεδαιμόνιοί
844 3934 877 3996 γε
898 3920 1063 3978 τοιοῦτοι.“
1085 3915 1159 3981 ὅθεν
1180 3917 1300 4004 φθόνον
1321 3919 1421 3987 davum

260 3996 367 4081 συνῆγε
382 3995 444 4060 ’καλ
464 3993 642 4078 δυσμένειάν
661 4018 729 4062 τινα
750 3993 833 4080 παρίλ
854 4001 917 4060 τῶν
937 4000 1078 4064 πολιτῶνί
1119 4001 1201 4068 Idem
1229 4013 1330 4072 auctor
1355 3987 1423 4091 soii,

261 4087 294 4145 ut
313 4081 530 4161 Athenienses,
551 4082 682 4168 quamvis
702 4088 888 4174 repugnante
908 4081 1056 4172 Ephialte,
1076 4085 1323 4158 Lacedaemoniis
1344 4093 1423 4158 hello

260 4165 414 4234 Messenio
439 4165 554 4232 difficili
580 4187 653 4234 sane
679 4173 765 4266 atpue
791 4159 928 4232 diuturno
955 4169 1104 4258 oppressis
1126 4169 1238 4239 auiilia
1264 4177 1423 4262 mitterent,

262 4251 367 4338 quihus
387 4250 451 4339 ipse
474 4251 616 4342 praefuit:
644 4247 738 4315 nolunt
763 4251 841 4315 euim
867 4251 991 4340 patriahi
1018 4273 1057 4317 ex
1083 4249 1207 4323 aliorum
1227 4255 1424 4329 'incommodis

262 4337 443 4402 incrementa
468 4357 574 4426 rapere
611 4343 660 4401 ant
694 4341 813 4426 praeter
838 4343 953 4402 ceteras
980 4337 1124 4406 Graeciae
1156 4343 1290 4411 civitates
1320 4349 1425 4437 opibus
