3004 5048
323 337 383 410 DE
402 337 547 420 REth.
567 339 755 412 COHOHD.
775 343 889 416 ΑΤΤί
902 345 1069 422 ΑΝΤΙλὶ.Ι
1207 355 1275 424 suu

93 533 98 564 ¹·
178 507 285 576 Ἄλλοι
304 505 336 574 d’
359 506 420 594 ἤδη
446 503 556 588 πάντες
586 511 752 598 lpeldooo'w
777 515 820 588 εἰς
835 509 1043 598 Ὕπέρβολοζνς
1334 591 1336 600 ¹

93 591 106 657 ¹,
188 592 256 670 Τὰς
276 593 376 671 eluodc
395 600 457 660 τῶν
476 595 619 680 ἐγχελίων
638 595 695 672 τὰς
714 595 790 679 ἐμὰς
816 597 1011 682 μιμούμενοι.
1142 639 1145 646 ⁴
1274 634 1277 642 r

100 678 187 747 Unde
209 680 406 746 coniecturam
426 675 464 746 de
484 688 629 770 tempore,
658 701 716 768 quo
737 688 803 746 aeta
828 685 869 748 sit
888 679 963 750 haee
983 683 1089 752 Hermi
1129 689 1260 756 ifahula

99 785 206 854 rapere
227 763 306 830 licet.
334 765 450 915 Aperte
470 766 549 830 enim
568 764 674 830 Aristo
690 763 787 830 hanes
809 767 894 833 docet
913 773 981 858 post
999 769 1107 860 Eupo’
1131 773 1156 838 ‘s
1176 740 1294 848 marl.

98 871 163 916 oam
184 850 271 914 istam
290 849 362 915 tabu
374 871 420 914 am
442 851 478 916 ab
495 849 658 939 Hermippo
729 850 783 938 Hy
803 852 935 918 erholum
957 856 1146 944 compositam
1167 859 1271 926 fuisse.

97 934 163 1002 lani
190 933 315 1023 Eupolis
347 935 445 1000 docuit
465 933 611 1002 lllaricarn
644 936 762 1024 Olymp.
783 874 1021 1020 bXXXlXA,
1051 938 1271 1032 Aristophanes

98 1018 368 1096 amensamens
389 1019 491 1085 Nubes
518 1021 638 1108 scripsit
657 1019 737 1086 circa
758 1019 845 1106 Olym
866 1023 962 1088 iadem
982 1023 1067 1090 xcl.
1088 1027 1126 1109 1,
1156 1036 1190 1092 ut
1210 1027 1272 1094 omss

96 1105 185 1170 nibus
213 1103 333 1170 calculis
361 1103 676 1170 s'uhduotis'eoniicio:
718 1105 817 1190 itaque
883 1129 917 1172 ec
938 1107 1096 1198 Hermipi
1122 1115 1277 1180 comoedia

96 1189 136 1256 ad
155 1210 216 1254 non
258 1185 379 1254 esimam
400 1190 582 1278 potissimum
604 1189 809 1277 Olympiadem
829 1191 921 1256 suerit
940 1131 1110 1262 referenda.

182 1273 224 1339 Se
256 1273 436 1374 Hermippus
458 1275 595 1360 quoniam
615 1274 648 1338 in
665 1274 905 1360 hoodramateH
928 1278 1043 1379 perholi
1054 1286 1271 1346 matremacen-

94 1359 218 1424 bissime
230 1359 399 1446 castigavit,
410 1359 491 1424 lubet
501 1381 574 1424 sane
585 1379 728 1444 quaerere
738 1359 883 1444 quodnam
895 1298 940 1426 illu
951 1383 1059 1438 nomen
1071 1365 1172 1447 luerit,
1184 1373 1274 1452 atquae

94 1445 180 1528 sequi
214 1451 346 1512 veterum
382 1444 638 1531 grammaticorum
674 1444 932 1528 consuetudinem,
974 1467 1096 1533 quorum
1128 1471 1272 1516 summum

94 1529 252 1614 aliquando
273 1527 399 1594 studium
421 1530 454 1594 in
475 1550 511 1594 eo
525 1534 674 1594 uersatum
696 1536 752 1610 est,
775 1539 806 1592 ut
826 1529 863 1594 de
885 1531 1029 1596 eiusmodi
1048 1533 1276 1602 difficultatibus.

93 1615 282 1698 quaestiones
309 1611 367 1678 sihi
392 1621 609 1702 proponerent,
640 1633 712 1698 quas
743 1612 860 1678 solvere
888 1621 1051 1682 maerent:
1076 1620 1277 1718 praecipuam

91 1719 165 1764 uero
195 1718 314 1786 operam
342 1700 373 1762 in
396 1720 431 1762 eo
457 1697 652 1771 collocabant,
695 1703 728 1762 ut
754 1697 874 1762 nomina
899 1698 1049 1766 hominum
1075 1724 1135 1770 ram
1161 1704 1272 1772 dudum

91 1783 184 1870 longo
207 1783 360 1848 vetustatis
382 1783 440 1848 situ
460 1783 618 1848 obscurata
638 1781 873 1869 investigarent,
895 1785 973 1869 quod
993 1785 1121 1853 studium
1142 1789 1274 1880 emtigat

90 1867 242 1934 luvenalis
264 1867 366 1954 Satyr.
387 1866 456 1935 VH.
477 1867 557 1932 229:
802 1881 804 1886 ·

397 1949 460 2016 Sed
480 1972 533 2015 vos
555 1969 661 2016 saevas
682 1950 823 2039 imponite
843 1951 941 2040 leges,

102 2078 106 2091 ·
176 2037 217 2102 ilt
256 2057 343 2100 raeco
364 2035 421 2100 tori
442 2035 599 2100 uerborum
620 2035 727 2122 regula
747 2043 872 2120 constet,

175 2121 217 2189 Ut
236 2059 320 2207 legat
340 2057 499 2203 lliston'as,
521 2128 655 2186 auctores
676 2121 795 2186 noverit
815 2142 929 2204 omnes,

134 2277 136 2286 ,
167 2205 332 2292 ‘Tanquam
354 2226 471 2294 ungues
493 2205 660 2292 digitosque
682 2225 764 2286 suos,
785 2212 819 2270 ut
838 2206 917 2272 sorte
937 2211 1064 2294 rogatus

173 2289 253 2356 Dum
275 2290 347 2378 petit
367 2299 418 2356 aut
438 2291 570 2356 thermas
592 2295 642 2354 aut
661 2289 778 2356 Phoebi
799 2290 923 2373 balnea,
942 2289 1021 2357 dieat

170 2375 323 2444 Nutricem
343 2373 507 2458 Anchisae,
527 2395 636 2440 nomen
657 2376 838 2462 patriamque
859 2396 1007 2444 novercae

170 2459 358 2541 Auchimoli,
379 2459 458 2526 dicat
478 2468 548 2546 quot
565 2461 690 2524 Acestes
714 2460 824 2526 vixerit
845 2478 951 2543 annos,

171 2545 250 2620 Quot
270 2542 388 2612 Siculos
409 2543 585 2632 Phrygibus
606 2545 671 2609 vini
691 2544 848 2610 donaverit
868 2565 971 2613 urnas.

85 2631 241 2696 Eiusmodi
267 2629 366 2694 studio
391 2629 516 2717 primurn
543 2627 750 2694 Alexandriae
776 2629 905 2696 ereata
930 2635 1018 2712 sunt,
1050 2629 1102 2694 ubi
1128 2627 1265 2696 Sosibius

84 2714 343 2783 Lacedaemonius
364 2714 492 2780 maxime
513 2711 651 2776 inclaruit
671 2712 709 2778 oh
730 2712 897 2800 idipsum,
926 2713 1005 2800 quod
1025 2712 1115 2792 facile
1135 2715 1185 2782 vel
1206 2716 1265 2782 dis·

85 2801 233 2868 ficillimas
260 2797 391 2867 solueret
411 2798 613 2884 quaestiones:
645 2796 744 2880 itaque
772 2796 894 2874 λυτικὸς
915 2797 1080 2888 appellatur
1110 2797 1147 2873 ab
1169 2799 1264 2866 Athe·

85 2906 163 2951 naeo
184 2883 239 2948 XI.
281 2879 423 2950 ,493Β
446 2887 476 2948 et
495 2880 540 2963 Ε,
572 2880 622 2944 uhi
648 2880 685 2944 ob
706 2879 737 2946 id
758 2879 854 2970 ipsum
881 2883 1103 2970 gemmeticum
1124 2903 1142 2948 a
1162 2881 1264 2950 Ptole·
1386 2903 1390 2926 ²

88 2991 172 3037 maeo
198 2905 395 3056 Philadelpho
423 2966 493 3034 dicit
518 2966 640 3034 irrisum
665 2965 779 3032 fuisse:
824 2971 936 3032 Τοῦτο
963 2969 1015 3032 καὶ
1041 2961 1059 3030 ὃ
1085 2964 1264 3049 θαυμάσιος

89 3052 211 3131 λυτικὸς
220 3053 384 3133 Σωσίβιος,
408 3047 443 3115 ὃν
464 3049 520 3116 οὐκ
541 3050 695 3135 ἀχαρίτως
710 3049 844 3128 διέπαιξε
865 3049 919 3118 διὰ
931 3049 987 3129 τὰς
1007 3049 1263 3140 πολυθρυλήτους

88 3137 204 3216 τούτοις
223 3139 276 3203 καὶ
297 3135 353 3214 τὰς
372 3132 519 3212 τοιαύτας
540 3133 640 3212 λύσας
652 3137 848 3218 Πτολεμαῖος
869 3133 886 3202 ὅ
903 3132 1098 3225 Φιλάδελφος
1117 3135 1263 3218 βασιλεύς

88 3231 153 3291 κτλ.
200 3224 244 3289 Et
276 3222 418 3324 plurimas
451 3221 596 3288 eiusmodi
627 3222 814 3308 quaestiones
851 3223 884 3286 im
914 3220 1023 3290 Museo
1053 3221 1262 3292 Alexandrino

129 3313 215 3377 ‘tatas
250 3309 344 3375 fursee
371 3313 494 3398 apparet
519 3306 569 3372 vel
594 3328 634 3372 ex
655 3305 824 3397 Scholiasta
844 3306 971 3374 Homeri
995 3307 1034 3376 ll.
1053 3307 1110 3374 IX.
1131 3329 1161 3376 v.
1181 3311 1259 3377 688:

123 3423 140 3460 ν
165 3400 210 3485 τῷ
239 3394 373 3480 μουσείῳ
399 3395 444 3480 τῷ
471 3390 551 3457 κατὰ
573 3387 800 3478 Ἀλεξάνδρειαν
832 3389 926 3473 νόμος
957 3383 994 3475 ἦν
1026 3387 1260 3478 προβάλλεσθαι

103 3479 206 3565 ἠτημα
229 3481 281 3545 καλ
302 3479 357 3556 τὰς
370 3478 533 3562 γενομένας
543 3473 643 3554 λα’σεις
653 3473 900 3564 ἀναγράφεσθαι.
921 3475 1084 3548 verumne
1095 3481 1260 3566 posteriore

88 3567 203 3653 quidem
223 3573 355 3652 tempore
381 3564 534 3628 iacuerunt
553 3562 627 3629 haee
647 3561 765 3645 studia,
796 3561 851 3630 sed
871 3562 976 3629 sedulo
994 3567 1171 3632 resuscitata
1190 3572 1261 3630 sunt

89 3654 142 3716 suh
163 3649 389 3742 imperatoribus
402 3647 571 3728 Romame,
601 3647 766 3734 exquibus
787 3647 888 3802 plures
910 3645 1064 3716 admodum
1083 3649 1149 3716 istis
1169 3643 1259 3736 quae·

82 3394 92 3420 l

89 3739 215 3802 stionum
251 3731 399 3822 angustiis
430 3731 568 3798 delectati
598 3738 687 3815 sunt,
730 3753 786 3818 quo
834 3733 991 3800 Tiberium
1022 3733 1132 3804 secisse
1162 3735 1259 3800 refert

88 3821 247 3888 Suetonius
274 3821 306 3884 in
333 3818 397 3884 eius
423 3816 486 3881 vita
516 3838 542 3883 ο.
562 3818 619 3882 70:
660 3815 823 3900 „Maxime
854 3825 952 3886 emen
982 3821 1098 3890 ,curavit
1123 3819 1257 3888 notitiam

87 3907 231 3974 historiae
248 3903 393 3972 labudaris
414 3922 507 3987 usque
527 3901 567 3966 ad
585 3901 712 3991 ineptias
729 3910 820 3989 aque
841 3903 986 3972 derisum:
1016 3924 1085 3970 nam
1106 3910 1137 3973 et
1157 3913 1267 3992 gem-²

88 3992 226 4072 mah'eos,
268 3988 346 4074 quod
365 4009 462 4076 genus
476 3987 633 4055 ‚homiuum
657 3989 829 4077 praecipue,
860 3995 893 4054 ut
918 3988 1062 4070 diximus,
1089 3990 1255 4078 appetebat,

88 4075 231 4145 eiusmodi
255 4073 321 4140 lere
337 4072 561 4159 quaestionibus
587 4073 811 4161 experiebatur,
853 4097 941 4157 ᾳυαο
960 4087 1067 4142 norw
1086 4010 1254 4154 Hecubae,

88 4168 177 4244 quod
188 4159 318 4227 Achata·
338 4183 453 4226 nomem
474 4165 563 4224 iuter
583 4165 735 4242 virginee
747 4161 889 4236 fuisset,
910 4164 997 4243 qood
1014 4156 1156 4232 Sirem
1175 4184 1255 4232 aaa,

87 4260 161 4312 aare
186 4253 257 4310 etot
275 4248 432 4310 colomeo
473 4243 559 4311 Haec
584 4249 679 4328 autem
709 4244 807 4310 studia
832 4251 892 4318 tum
918 4244 993 4310 satis
1012 4243 1134 4334 vulgata
1159 4247 1254 4314 luisse

86 4339 208 4419 apparot
233 4329 322 4430 etiam
348 4349 388 4394 ex
408 4327 542 4428 Senecae
568 4351 585 4393 e
605 4325 684 4392 istol.
703 4327 761 4394 88:
791 4329 885 4428 „Hop
905 4327 1022 4414 quidem
1042 4350 1090 4396 ne
1110 4352 1254 4432 quaerere

86 4423 182 4482 uuum
209 4435 306 4484 maror
328 4419 425 4484 aetate
451 4411 547 4512 doerit„
600 4433 718 4512 merus
743 4435 784 4479 an
803 4412 971 4510 Hesiodus,
988 4433 1064 4488 ,nou
1089 4437 1188 4506 magus
1214 4417 1255 4492 ed,
