3004 5048
266 357 332 428 818
645 349 1047 425 commemores

352 521 522 606 Αημιχθία
543 523 692 586 Χελλῶνα
713 517 903 604 κακίκνημιίν
922 545 954 588 τι
966 517 1121 604 ’Κίμητω

267 610 348 676 Τααι
370 609 503 698 graviter
529 613 625 672 autem
645 608 771 672 comicos
796 614 899 696 poetas
920 607 1050 696 corporis
1071 605 1144 670 vitia
1164 612 1195 670 et
1213 605 1245 670 in
1266 607 1314 671 his
1342 605 1438 672 homi-

266 697 353 762 nibus
376 702 406 758 et
427 693 458 756 in
479 691 545 758 aliis
568 689 666 758 multis
687 694 851 770 notavisse,
872 713 994 780 prorsus
1015 713 1075 756 non
1097 691 1438 777 estmirun1‚.quando-

266 779 382 866 quidem
402 777 620 858 dthenionscs,
641 777 684 841 uti
704 799 806 842 omnes
827 778 945 842 omnino
967 776 1089 866 Gracci,
1110 774 1239 864 pulcram
1261 783 1291 840 ot
1311 776 1436 864 elegan-

267 873 324 930 tem
351 863 476 951 speciem
504 862 631 928 inaxime
666 861 885 926 admirabantur
910 862 949 927 ad
980 881 1101 948 eamque
1127 861 1225 925 omnia
1252 861 1436 928 referebant.

267 948 446 1033 Quamquam
466 945 662 1011 Archilochus
689 947 804 1032 quidem
832 947 909 1036 apud
929 947 1057 1011 Dionem
1077 968 1107 1035 p.
1128 945 1208 1028 399,
1239 947 1291 1010 ubi
1311 946 1383 1032 quid
1403 948 1436 1012 in

265 1035 343 1098 bono
363 1034 539 1120 imperatore
559 1031 690 1116 requirat
710 1031 814 1120 aperit,
835 1054 896 1098 non
916 1037 975 1096 tam
995 1031 1125 1118 pulcram
1144 1031 1269 1181 speciem
1293 1039 1345 1096 ant
1361 1031 1435 1096 deli·

266 1118 393 1184 catulum
412 1118 575 1198 incessum,
603 1117 672 1201 quin
699 1117 795 1203 potius
816 1139 898 1199 cnm,
927 1117 976 1202 qui
997 1116 1077 1181 tibiis
1102 1115 1250 1204 penulam
1270 1115 1434 1182 incurvatis
1494 1195 1495 1200 γ

267 1202 391 1268 firmiter
411 1200 543 1282 incedat,
589 1201 751 1267 rolandum
771 1223 839 1266 esse
860 1207 976 1267 censet:

355 1285 400 1352 Oa
425 1285 520 1370 φιλέω
539 1222 636 1370 μίραν
655 1285 826 1370 στρατηγὸν
847 1286 918 1350 οὐδὲ
938 1284 1199 1369 διαπεπλιγμένον,

355 1369 436 1435 Οὐδὲ
446 1366 644 1454 βοστρύχοισι
665 1376 791 1456 γαῦρον,
813 1370 882 1435 οὐδ’
895 1367 1130 1456 ὑπεξυρημένον,

345 1451 439 1520 >luta
458 1479 512 1536 μοι
532 1452 641 1540 μικρός
661 1480 707 1532 τις
727 1455 773 1537 εἴη
794 1457 845 1519 καλ
866 1457 933 1540 περὶ
955 1455 1072 1537 κνήμας
1093 1455 1168 1518 idcio

346 1535 483 1620 Ῥαιβός,
505 1537 669 1625 ἀσφαλέως
688 1545 828 1622 βεβηκὼς
849 1536 1059 1620 κάπινιῦμασιν
1080 1539 1186 1616 δασύς.
1494 1597 1495 1604 ,

263 1624 311 1690 lta
337 1625 410 1694 haec
433 1626 563 1690 correxit
590 1625 782 1690 amicissimus
804 1625 1059 1692 Schneidewinus.
1100 1623 1142 1688 m
1166 1621 1291 1712 Eupolis
1318 1624 1433 1708 quidem
1494 1677 1495 1698 ,

221 1733 230 1754 ·
265 1710 339 1790 illud
364 1709 491 1776 maxime
521 1709 554 1774 in
573 1709 746 1800 Lacspodia
770 1711 822 1776 illo
844 1717 875 1774 et
895 1710 1039 1776 Damasia
1064 1708 1179 1774 videtur
1204 1705 1435 1795 reprehendere,

265 1794 341 1880 quod
370 1793 502 1894 quemuis
530 1795 591 1860 sint
620 1797 716 1860 forma
743 1796 912 1884 turpissima
937 1795 1122 1880 modiusque
1150 1793 1293 1874 abiectis,
1336 1801 1435 1858 mmcn
1494 1853 1495 1860 ,

264 1886 410 1968 praetorne
436 1900 557 1946 munere
587 1880 761 1968 fungantur.
803 1879 844 1946 et
869 1879 1070 1967 Laespodiam
1098 1879 1215 1964 quidem
1240 1878 1319 1942 bello
1344 1878 1435 1943 Pelo-
1494 1901 1495 1952 1

284 1963 407 2030 onnesio
433 1963 535 2029 ducem
560 1964 655 2033 luisse
673 1965 885 2052 ⁴cognoscimus
907 1985 946 2030 ex
968 1963 1146 2050 Thucydide
1169 1961 1221 2032 Vl.
1243 1963 1320 2028 105:
1337 2019 1340 2026 .
1355 1961 1434 2028 Τόιι

262 1986 300 2114 di
324 2044 525 2130 Πυθοδώρου
558 2051 609 2114 καὶ
634 2051 833 2114 Λαισποδίου
868 2051 919 2116 καί
945 2045 1139 2134 Δημαράτου
1171 2043 1328 2134 ἀρχόντων
1355 2046 1435 2114 ἅπα-

262 2132 372 2216 βιίντες
396 2136 439 2208 τίς
456 2130 639 2220 Ἐπίδαυρον
665 2133 721 2216 τὴν
740 2133 892 2218 Λιμηρὰν
919 2136 970 2198 καλ
998 2132 1146 2218 Πρασιὰν
1172 2135 1224 2198 καί
1251 2129 1309 2196 ὅσα
1343 2129 1436 2210 ἄλλα,

264 2215 403 2305 ἐδῄωσαν
422 2222 477 2300 τῆς
496 2223 561 2302 γῆς,
582 2221 633 2284 καλ
649 2203 714 2295 viiic
730 2220 990 2300 Λακεδαιμονίοις
1009 2215 1070 2327 ἤδη
1087 2213 1435 2304 τῦπροφάσιστονμᾶλ-

264 2309 318 2368 λον
338 2302 394 2385 τὴν
415 2303 516 2366 αἰτίαν
536 2305 568 2378 ἐς
587 2301 660 2379 τοὺς
676 2301 860 2387 Ἀθηναίους
880 2309 936 2368 τοῦ
964 2302 1138 2386 ἀμυνεσθαι
1164 2305 1320 2384 ἐποίησαν.
1352 2302 1434 2368 Idem

263 2410 283 2452 a
329 2387 534 2496 undu-ingentis
558 2387 814 2452 Lacedaemonem
840 2389 958 2474 legatus
984 2389 1092 2454 missus
1119 2395 1181 2470 est,
1210 2387 1271 2453 vid.
1292 2387 1433 2474 Thucyd-

263 2409 349 2540 Vlll.
361 2472 419 2538 86:
437 2475 572 2554 Αγοντες
583 2472 756 2553 Ἀθηναίων
777 2473 808 2548 ίς
823 2473 1047 2552 Λακεδαίμονα
1067 2471 1129 2536 ἀπὸ
1149 2477 1211 2538 τῶν
1230 2475 1435 2555 τετρακοσίων

264 2554 836 2708 titttltuttlttastttttdtt
855 2556 1434 2728 illittttttttu‘dtltd‘t

669 2677 688 2708 a
1081 2681 1084 2688 .

264 2727 333 2792 miei
353 2727 520 2791 testimonio
543 2727 654 2792 firmat:
679 2732 799 2793 Τοῦτον
811 2727 845 2791 δὲ
865 2727 919 2792 τὸν
928 2663 1131 2794 ΛΙλιισποδίαν
1151 2729 1202 2792 καί
1224 2727 1437 2812 στρατηγῆσαί

266 2835 344 2917 ρησι
359 2812 552 2894 Θονκυδίδης
573 2813 605 2876 ἐν
625 2806 666 2894 η’·
686 2811 838 2895 μέμνηται
860 2813 893 2878 δὲ
914 2812 1011 2880 ciceri
1026 2810 1180 2918 Φρύνηρος
1200 2813 1232 2876 ἓν
1241 2813 1434 2891 Κωμασταῖς

264 2921 308 2972 ως
328 2901 507 2978 πολεμικοῦ·
537 2893 701 2974 Φιλύλλιος
722 2897 765 2962 δὲ.
777 2899 809 2962 ἒν
829 2906 896 2973 ταῖς
917 2899 1104 2983 Πλυντρίαις
1124 2922 1167 2973 ως
1189 2897 1360 2982 φιλοδίκου.

262 3037 266 3044 .
348 2981 398 3046 De
425 2981 507 3046 nulle
536 2981 594 3046 alia
621 2987 718 3048 autem
743 3005 777 3048 re
798 2981 922 3071 Eupolis
949 2984 981 3048 in
1007 2983 1063 3048 hac
1091 2981 1193 3048 fabula
1219 2981 1342 3069 gravius
1365 3003 1434 3047 con·
1494 2999 1495 3004 ’

264 3071 384 3151 questus
407 3073 468 3148 est,
495 3087 580 3151 quam
601 3065 638 3130 de
667 3068 874 3156 imperatorum
899 3067 1023 3154 ignavie
1043 3075 1073 3132 et
1092 3068 1250 3156 pravitate:
1282 3067 1382 3152 itaque
1403 3073 1435 3132 nt
1494 3113 1495 3146 p

264 3151 463 3216 sectantibus
484 3150 714 3217 luculentissima
735 3152 806 3218 boni
820 3151 902 3216 ducis
914 3152 1050 3242 exempla
1070 3152 1236 3231 exhiheret,
1256 3149 1435 3233 Miltiadem,

263 3172 471 3321 llyronidem‚
498 3235 573 3301 alios
600 3257 643 3316 ex
661 3235 737 3302 Orco
764 3236 971 3302 resuscitavitz
1013 3243 1099 3322 atque
1124 3237 1190 3326 ipso
1210 3235 1366 3302 Miltiades
1393 3237 1435 3302 ite

263 3321 390 3408 ignavos
410 3319 478 3386 illos
500 3321 588 3388 duces
610 3321 722 3408 tangit:

353 3403 399 3468 Ori
420 3403 478 3489 γὰρ
499 3403 544 3486 μιλ
565 3404 620 3486 τὴν
641 3410 823 3492 Μαραθῶνι
844 3404 900 3489 τὴν
921 3405 997 3489 ἐμὴν
1016 3401 1119 3489 μάχην

348 3489 477 3575 Χαίρων
497 3515 544 3566 τις
565 3489 667 3554 αὐτῶν
689 3489 805 3572 τούμὸν
827 3489 951 3576 ἅλγυνεῖ
966 3490 1052 3575 κέαρ.
1494 3533 1495 3540 1

263 3573 470 3662 vid.Longin.
492 3574 528 3640 de
544 3576 691 3658 sublinit.
712 3599 737 3642 c.
750 3576 803 3657 16,
824 3597 899 3661 quae
920 3576 977 3640 etsi
997 3575 1063 3642 sine
1085 3575 1203 3640 tabulae
1223 3573 1345 3638 nomine
1365 3596 1437 3664 pro-

262 3661 416 3741 feruntur,
444 3665 524 3726 recte
550 3666 694 3726 tamena
713 3659 913 3728 Valckenario
935 3660 973 3726 ed
999 3660 1076 3724 hanc
1096 3659 1274 3726 comoediam
1294 3667 1438 3725 revocate

262 3752 341 3810 sunt.
383 3743 423 3808 Et
451 3745 490 3810 ed
515 3744 601 3810 huius
628 3745 721 3833 ipsius
741 3743 948 3810 Marathoniae
971 3745 1110 3810 manliae
1136 3744 1306 3810 memoriam
1331 3745 1437 3810 refero

261 3831 350 3978 {tiam
379 3829 447 3978 iiii
481 3851 602 3911 versus,
637 3850 709 3915 ques
742 3829 938 3919 Harpocratio
964 3852 994 3919 p.
1021 3830 1099 3912 123,
1128 3827 1171 3896 14
1203 3850 1243 3894 cx
1275 3828 1438 3918 Eupolidis

290 3915 357 3979 a‘s
379 3935 396 3978 a
422 3921 484 3979 ert:
656 3959 659 3971 .

309 3937 521 4084 ΒΓΙΤοιγαροῦν
548 3996 648 4074 οὐδεὶς
668 3999 839 4085 στρατηγὸς
860 4000 892 4077 ἐξ
913 3999 1025 4065 ἐκείνου
1046 4003 1102 4064 τοῦ
1121 3994 1235 4085 χρόνον

210 4087 212 4091 ’
342 4081 504 4158 Ἔδύνατ’,
533 4080 634 4168 ὥσπερ
655 4083 823 4170 μειαγωγὸς

340 4162 468 4234 ‘Eunaia
488 4172 542 4253 τῆς
562 4171 652 4234 maor
672 4171 756 4252 νίκης
776 4166 891 4234 πλείον’
914 4165 1038 4234 ἑλκύσαι
1058 4162 1214 4247 σταθμόν.

234 4325 235 4328 ¹
262 4250 401 4319 Graviter
420 4275 492 4320 vcro
513 4276 584 4320 suae
612 4255 716 4320 aetatis
738 4255 826 4320 duces
848 4254 973 4320 cenricus
1001 4275 1035 4318 re
1055 4251 1193 4318 rehendit
1212 4251 1272 4316 illis
1295 4251 1437 4316 versibus

263 4337 303 4488 dDe
328 4335 437 4488 ⁴ppdem
465 4339 569 4414 sabula
599 4337 675 4429 apud
708 4337 904 4406 Scholiastam
935 4274 1062 4405 Aristid.
1089 4336 1132 4406 Τι
1157 4337 1214 4404 ΙΠ.
1240 4356 1270 4426 ρ»
1290 4337 1356 4404 672
1385 4335 1436 4403 ed.

295 4444 327 4489 un
361 4445 383 4488 ,ι
1192 4437 1224 4488 α,
