3004 5048
336 245 395 312 oo
416 245 559 324 anolo
581 236 770 318 COMOED,
790 247 894 318 ΑΤΤ.
915 251 1060 328 anolo.
1221 256 1285 324 311

106 411 217 480 litteris
246 413 422 504 consignata
446 403 496 480 hic
517 397 641 503 ‘integra
661 437 757 504 neque
783 418 934 484 immutata
955 420 986 483 in
1007 419 1133 486 medium
1154 421 1286 508 profero,

106 495 190 564 aliud
211 497 283 586 quid
303 497 430 564 conieci:
452 501 648 586 nequeenim
668 502 701 566 in
722 497 817 567 lucum
838 502 919 568 illius
941 500 1086 581 πολλάκις
1106 505 1287 571 substituen-

105 582 176 650 oum
198 591 247 650 est
266 581 387 651 Seleuci
406 603 530 670 nomen,
563 607 664 652 rernm
685 586 832 652 delitescit
851 587 894 653 iti
915 590 1100 677 grammmmi
1120 590 1170 655 vel
1191 589 1287 657 Scho-

104 667 215 734 liastae
238 669 340 736 neuma
362 671 444 736 cuius
466 691 592 754 nomen,
614 693 700 736 exem
720 671 743 736 li
764 693 854 738 causa
874 675 1034 754 Πολλίων,
1055 673 1105 739 vel
1125 672 1287 740 Πολοιλιιλ-

103 775 173 837 κης.
216 751 406 862 Ego-outoni
427 757 471 822 sio
492 756 626 844 corrigo:
653 693 799 821 Πολλίων
819 753 912 836 εἶπεν,
936 755 982 822 ὅτι
1003 754 1169 860 προβάλλει
1185 755 1286 844 Ὁμη-

104 831 193 924 ρικιλς
214 840 248 904 ἓν
268 861 313 990 sgr
334 840 411 926 πρὸς
421 837 581 923 Πολύβιον
602 847 787 930 προτατικῷ.
814 846 988 909 Homerici
1008 863 1087 909 enim
1108 845 1285 932 cognomine

146 923 259 990 aiebat
300 924 435 1008 aleucns,
456 927 592 1012 quoniam
611 925 837 996 Homericomm
858 929 1019 993 carminum
1041 927 1283 994 sationarius

117 1009 163 1073 nit
189 1008 308 1076 tluditus
337 1031 431 1096 esque
456 1019 489 1076 ut
515 1011 632 1078 videtur
651 1011 767 1077 Romae
793 1013 825 1077 in
856 1013 967 1078 scholis
992 1013 1118 1102 publicis
1140 1035 1180 1078 ex
1201 1035 1283 1080 more

102 1093 186 1158 illius
209 1095 277 1159 aevi
298 1095 566 1184 interpretabatur3
597 1097 665 1161 uide
687 1096 796 1163 Suidas
818 1097 860 1164 Τ.
881 1098 937 1163 lll.
958 1120 986 1187 p.
1008 1100 1087 1165 296:
1121 1098 1283 1174 Σέλευκος·

98 1176 330 1262 Ἀλεξανδρεύς,
360 1178 588 1286 γραμματικός,
623 1179 658 1257 ὃς
684 1178 838 1265 ἐπεκλήθη
865 1178 1047 1268 Ὁμηρικός,
1088 1183 1285 1268 ἓοοφλσνευσι

102 1265 138 1328 ot
159 1266 193 1329 ἓν
208 1260 292 1345 Ῥολμ
322 1285 331 1304 ·
358 1268 493 1352 ἔγραψεν
514 1265 675 1351 lemauso
703 1270 744 1343 εἰς
766 1264 865 1331 πάντα
887 1263 929 1344 ὡς
956 1271 1048 1332 einais
1068 1263 1198 1351 ποιητήν
1219 1273 1284 1332 κτλ.

101 1349 157 1415 sed
185 1349 224 1416 de
247 1289 373 1416 Sussuca
402 1353 565 1417 accuratius
587 1351 736 1418 disserere
763 1371 824 1416 nun
844 1358 892 1418 est
917 1353 1004 1418 huius
1031 1352 1098 1418 loci.
1137 1352 1284 1440 Polybius

102 1441 202 1500 numm
232 1435 333 1500 nescio
355 1457 392 1502 un
414 1436 466 1501 ille
487 1437 544 1518 sit,
588 1437 625 1502 ati
647 1457 731 1523 quem
753 1435 870 1502 Seneca
895 1439 1016 1529 scripsit
1042 1438 1284 1521 consolationem,

102 1521 152 1606 qui
176 1521 330 1607 utriusque
351 1520 473 1623 linguae
495 1523 568 1587 satis
590 1521 648 1586 fuit
667 1521 796 1610 peritus,
805 1522 1029 1672 pgurimamque
1050 1545 1169 1612 operam
1191 1545 1285 1588 nava·

102 1606 146 1670 vit
167 1603 302 1672 Homero
324 1613 354 1670 et
373 1605 521 1696 Virgilio,
547 1605 608 1671 vid.
630 1604 736 1672 Senec.
759 1628 786 1672 c.
855 1629 863 1670 :
902 1607 1030 1695 „ltaque
1050 1629 1112 1672 nun
1139 1609 1284 1694 estquod

101 1691 196 1756 ullum
218 1698 275 1756 tem
299 1711 332 1756 us
354 1709 461 1756 vacare
486 1690 609 1779 patiatis
631 1711 649 1756 a
670 1691 792 1756 studiis:
819 1698 889 1756 tunc
916 1689 969 1756 tibi
996 1693 1113 1757 litterae
1133 1705 1202 1756 tuae
1223 1700 1283 1757 tum
1380 1725 1385 1737 ·

101 1777 154 1842 tliu
176 1798 212 1840 ac
239 1775 368 1841 lielitcr
389 1782 504 1842 amatae
531 1776 657 1864 gratiam
679 1778 828 1841 reserant:
871 1783 940 1840 tunc
968 1783 998 1842 tc
1024 1775 1095 1841 illae
1121 1777 1283 1841 antistitem

101 1869 132 1925 et
160 1860 303 1926 culturam
330 1881 415 1924 suum
437 1859 600 1924 vindicentt
643 1867 712 1925 tunc
734 1859 883 1926 Homerus
905 1867 935 1924 et
954 1859 1104 1948 Virgilius
1125 1867 1184 1924 tam
1208 1861 1283 1924 bene
1339 1889 1341 1894 ·

99 1945 140 2010 de
162 1946 291 2010 hnmano
312 1965 427 2032 genere
447 1945 556 2028 meriti,
577 1965 662 2094 apuam
683 1954 714 2009 tu
732 1945 769 2010 ds
790 1945 925 2010 omnibus
946 1952 977 2010 et
998 1945 1035 2010 tle
1054 1943 1116 2009 illis
1137 1943 1282 2026 mernisti,

100 2051 176 2117 quos
198 2029 332 2120 pluribus
353 2036 439 2095 notus
458 2047 529 2095 esse
550 2049 587 2094 vo
602 2030 686 2113 nisti,
714 2051 799 2117 qnam
821 2031 1022 2120 scripserant,
1043 2029 1163 2096 multtum
1185 2036 1282 2094 tecum

99 2122 266 2198 morentur,
287 2122 367 2180 tuum
389 2117 448 2182 crit
467 2136 554 2180 omne
575 2123 706 2204 tempus,
728 2137 801 2202 quos
822 2115 883 2180 illis
905 2115 1044 2180 tuendum
1064 2113 1281 2180 commiseris.“

99 2199 192 2265 Adde
204 2199 275 2268 iota
287 2201 367 2266 clati.
382 2199 525 2268 Seleucus
541 2205 638 2266 autem
650 2221 714 2266 cum
725 2221 834 2266 nomen
847 2201 949 2265 matris
961 2199 1129 2289 Hyperbuli
1138 2199 1225 2264 alteri
1235 2197 1282 2264 illi

100 2286 295 2372 grammatico
316 2285 557 2375 investigandum
578 2293 773 2375 proponeret,
799 2287 929 2350 fortasse
949 2286 1014 2375 ipse
1035 2285 1202 2373 ignorarit,
1223 2301 1282 2370 quo

98 2371 222 2438 nomina
247 2371 300 2436 illa
321 2370 427 2436 mulier
453 2372 493 2438 sit
514 2370 675 2461 appellata:
707 2381 787 2458 carte
814 2371 889 2461 pleri
910 2392 946 2436 ue
972 2370 1157 2459 grammatici
1184 2368 1282 2434 nesci-

98 2455 341 2538 vissevidantur,
361 2456 514 2558 ignorarit
524 2455 639 2542 quidem
655 2455 693 2538 ic,
715 2457 765 2544 qui
780 2455 836 2522 hoc
857 2391 991 2521 sciolion
1011 2454 1196 2544 conscripsit,
1218 2455 1282 2540 qui·

98 2561 157 2627 que
178 2541 258 2608 hanc
278 2550 479 2628 quaestionem
499 2562 561 2606 uon
581 2541 679 2606 minus
700 2541 834 2606 inutilem
855 2547 886 2606 et
905 2561 1012 2606 vanam
1033 2539 1124 2622 uixit,
1145 2559 1231 2626 quam
1253 2537 1281 2604 si
1335 2585 1341 2596 .

97 2621 1280 2778 ltouillontitultotilllt‘otltattltotototo

97 2797 108 2860 i
133 2817 151 2861 e
173 2793 304 2882 quidem,
330 2800 364 2860 ut
383 2791 516 2876 videtur,
542 2793 598 2878 iis,
620 2813 694 2880 quae
714 2799 833 2858 veteres
877 2792 1040 2858 nammatici
1061 2791 1099 2858 ule
1120 2756 1279 2857 his'rebnu

97 2879 320 3032 {ngcsjgun‘tlis
341 2879 648 3038 oompnpgtutilorant:
669 2875 715 3028 gt
729 2901 762 2963 ys
781 2881 861 3042 {stupa
915 2876 972 2960 μὲν
992 2875 1280 3044 κέὶλιέηέιοσθέὲνιὲῖυς

98 2989 406 3138 ιπφολλλλρλλ
435 2987 841 3138 ,totototo
862 2986 1008 3124 ott}
1034 2985 1278 3132 ccliiii:

98 3134 254 3218 ὀνόματος
283 3134 433 3218 τέτευχεν,
450 3127 652 3216 ’Ἀλκιβιάδου
678 3158 711 3200 τε
742 3135 793 3198 καλ
822 3133 948 3216 τίτθην,
989 3127 1075 3218 γένος
1100 3126 1278 3210 Λάκαιναν,

94 3218 253 3304 Ἀμύκλαν
272 3217 372 3305 ὄνομα
400 3221 452 3284 καὶ
473 3217 627 3304 Ζωπνρὸν
647 3217 844 3304 παιδαγωγὸν
867 3217 969 3300 ἴσμεν,
1003 3206 1047 3306 οἷον
1072 3213 1109 3282 τὸ
1136 3215 1193 3300 μέν
1208 3214 1276 3281 Ἀν-

98 3306 260 3391 ascilam,
281 3305 318 3372 rt
339 3305 374 3372 tl
392 3301 529 3384 Hicipmv
550 3303 677 3390 εἴρηκεν.
718 3303 782 3370 lam
802 3307 875 3368 ve'ro
896 3302 954 3367 etsi
975 3301 1163 3368 temerarium
1183 3302 1279 3392 possit

98 3393 207 3476 videri,
229 3391 266 3459 dc
287 3413 333 3476 ru,
353 3411 438 3476 quam
453 3390 512 3455 iam
528 3397 645 3454 veteres
667 3387 712 3454 illi
732 3390 949 3477 ignoraverunt
970 3387 1165 3476 grammatici,
1189 3409 1279 3474 quae-

97 3500 183 3562 rere,
210 3483 309 3542 tamcn
330 3475 497 3576 Hyperboli
523 3475 627 3540 matris
654 3495 761 3540 nomen
782 3495 823 3538 an
849 3473 945 3564 poasit
970 3473 1098 3562 reperiri
1118 3471 1276 3538 ridendum

98 3571 159 3629 ast:
204 3583 300 3664 neque
326 3581 409 3626 emm
431 3560 544 3624 frustra
572 3560 709 3625 existimo
736 3559 805 3624 illos
833 3559 995 3662 magistros
1023 3559 1099 3623 hauc
1123 3575 1186 3622 rem
1207 3556 1278 3621 licet

97 3647 338 3714 obscurissimum
370 3645 603 3734 investigavissa
635 3645 797 3732 videorque
831 3645 904 3710 nriln
933 3641 1086 3710 detexisse
1114 3642 1192 3706 uasti
1217 3641 1277 3707 'um

98 3734 227 3888 nonpipps
248 3732 282 3798 in
302 3731 388 3798 docta
408 3728 727 3816 moqctsmoliastae
748 3727 936 3797 adnotatione
958 3729 996 3795 aul
1008 3727 1165 3818 Aristoph.
1207 3723 1275 3792 ubl.

98 3839 129 3887 v.
223 3841 231 3882 :
539 3853 543 3860 ·
1153 3848 1158 3860 .

189 3893 285 3970 Οὗτοι
306 3903 340 3966 δ’
361 3897 404 3978 ὡς
424 3896 507 3977 ἅπαξ
527 3899 703 3986 παρέδωκεν
729 3895 830 3982 λαβὴν
844 3895 1044 3981 Ὕπὲρβολοζ,

187 3993 309 4053 Τοῦτον
330 3989 463 4051 acroama
483 3982 650 4072 κολοτρῶσ’
674 3982 720 4048 ciel
742 3986 793 4048 eat
814 3983 870 4066 τὴν
889 3983 1020 4068 μητέρα.
1265 4035 1269 4046 .

99 4076 151 4141 uhi
170 4074 246 4140 haec
266 4071 414 4160 adsumpta
434 4081 519 4150 sunt:¹
546 4073 598 4136 κοιλ
619 4069 675 4154 τὴν
695 4069 815 4155 μητέρα
835 4070 892 4153 τὴν
907 4061 1115 4153 Ὑπερβόλου,
1140 4063 1199 4147 τὴν
1219 4064 1274 4127 ‹lc-

100 4165 216 4226 κοῦσαν
243 4158 275 4224 ἐν
299 4166 367 4232 ταῖς
386 4149 609 4243 ἀρτοπώλισιν·
650 4153 751 4219 πολλὰ
778 4152 848 4220 κατ’
873 4148 1070 4219 cinericium
1083 4146 1275 4236 Ἕρμιππος.

99 4262 175 4331 uuas
201 4241 411 4310 soumarias
435 4250 520 4325 sunt,
546 4263 567 4306 n
606 4261 642 4307 uu
663 4241 743 4306 enim
759 4237 980 4306 Hemsterhuaii
999 4237 1168 4328 coniectura
1188 4231 1275 4320 puio-

101 4351 186 4418 quaun
216 4327 291 4396 lucis
329 4325 434 4393 carot.
477 4327 540 4395 Sei
564 4261 640 4396 illut
667 4324 784 4414 quidem
814 4332 897 4392 certa
929 4323 1083 4394 allinnuno
1106 4337 1271 4413 potam,
