3004 5048
238 315 307 392 sot
385 317 389 337 ’
628 299 1034 390 commentatores

241 487 364 560 induxit
384 490 463 557 enim
483 486 681 554 Pherecrates
702 505 839 556 voracem
880 487 1004 556 nondam
1023 485 1189 570 hominem,
1210 507 1296 577 quem
1336 487 1418 557 uoti·
1479 544 1480 562 ι

243 577 292 644 δίο
319 577 392 642 duos
423 573 585 640 medimnos
622 581 652 638 et
678 573 828 640 dimidium
858 507 932 639 lecit
964 573 1134 656 comedere,
1168 574 1210 638 ita
1240 583 1273 640 ut
1299 507 1417 642 cllsaria

244 663 354 751 longae
380 661 465 726 navis
492 659 693 724 devoraverit:
731 677 830 746 vneque
855 677 928 726 vero
959 658 1033 724 haec
1060 659 1176 725 curiose
1203 657 1240 725 ad
1268 660 1415 728 calculum
1480 674 1481 698 ³

243 745 411 813 revocanda
438 753 523 825 sunt,
565 764 633 808 nam
662 763 725 808 cnm
752 743 784 809 ln
811 741 924 810 triremi
953 744 1122 832 plerumque
1144 744 1260 810 ducenti
1281 745 1416 836 impositi
1481 806 1482 830 q

244 831 357 898 fuerint
376 831 528 910 homines,
562 827 691 916 singulis
718 837 814 894 autem
841 828 968 894 choenix
995 827 1162 910 suffecerit,
1193 827 1304 918 longae
1325 833 1414 897 navis

243 917 355 982 cibaria
375 909 545 1001 quotidiana
564 923 688 999 quatuor
708 914 869 980 medimnos
891 935 955 980 cum
982 913 1084 979 hecteo
1106 913 1170 979 sive
1191 915 1326 979 sextario
1347 915 1414 982 effi-
1482 936 1483 960 ί

243 1003 332 1066 ciunt
359 1001 422 1064 lam
442 1019 514 1064 vero
536 998 609 1064 haec
629 998 731 1064 sabula
747 999 928 1065 Pherecrate
948 1017 1129 1086 nequaqnam
1150 997 1275 1087 indigna
1295 997 1414 1067 videtur

242 1085 352 1152 luisse:
384 1105 452 1149 nam
479 1085 506 1148 is
527 1091 705 1188 quantopere
732 1091 851 1175 praeter
870 1093 984 1149 ceteros
1012 1093 1114 1173 poetas
1140 1083 1172 1148 iu
1193 1083 1249 1148 hac
1270 1083 1414 1152 felicitato

242 1169 416 1236 exornanda
436 1167 493 1234 sibi
514 1169 670 1270 placuent‚
698 1169 782 1235 docet
808 1169 1022 1234 comoediarum
1049 1189 1097 1233 ma
1141 1186 1269 1257 spara:
1313 1167 1413 1258 itaque

242 1255 318 1321 nihil
339 1255 444 1320 mirum
466 1255 494 1320 si
514 1254 590 1319 edem
612 1259 816 1341 argumentum
837 1253 924 1319 etiam
945 1253 978 1318 in
998 1253 1055 1318 hac
1075 1252 1107 1318 la
1128 1251 1177 1317 ula
1197 1273 1274 1319 novo
1293 1253 1412 1342 quidem

242 1341 328 1406 modo
355 1338 539 1404 tractaverit:
582 1339 712 1404 novitate
740 1340 818 1404 enim
845 1338 960 1402 inventi
987 1337 1114 1402 maxime
1139 1337 1289 1425 insignem
1316 1339 1412 1406 fuisse

242 1425 452 1490 Pherecratem
466 1423 552 1488 ducet
566 1433 649 1488 vetus
664 1423 715 1488 ille
736 1423 955 1512 grammaticus,
979 1441 1041 1487 cum
1057 1443 1122 1487 eum
1132 1417 1284 1506 εδριτικδν
1297 1420 1412 1504 μύθων

241 1516 327 1574 vocat
348 1517 434 1595 atque
454 1508 544 1572 καινὰ
566 1507 731 1592 πράγματα
742 1509 929 1590 ιίσηγιῖσθαι
944 1505 1026 1572 dicit:
1049 1505 1161 1596 dispari
1181 1507 1275 1594 igitur
1295 1509 1411 1575 ratione

242 1593 275 1659 in
297 1595 361 1682 pari
383 1601 556 1742 argumento
585 1615 654 1658 usus
675 1601 771 1658 tomen
794 1593 957 1658 enitescere
985 1591 1073 1681 popul
1111 1613 1148 1656 ue
1169 1589 1287 1694 placere
1308 1595 1410 1682 potuit
1487 1592 1488 1606 ¹

241 1677 346 1764 Neque
367 1678 418 1743 illu
455 1677 672 1744 aPherecratis
694 1678 817 1766 ingenio
839 1675 988 1759 abhorret,
1008 1677 1084 1762 qnod
1127 1697 1253 1742 omnnem
1274 1697 1410 1744 voracem
1488 1722 1489 1740 ι

241 1763 373 1844 induxit,
403 1763 478 1848 quod
506 1763 562 1828 etsi
591 1761 706 1828 mediae
733 1763 900 1828 comoediae
921 1769 1026 1850 poetam
1052 1762 1234 1851 potissimum
1256 1763 1411 1828 commise-

242 1857 326 1929 runt,
357 1869 417 1912 non
443 1859 539 1912 tamen
566 1849 686 1934 antiqua
712 1846 863 1912 comoedia
883 1845 1026 1912 eiusmodi
1076 1848 1192 1912 arsonis
1210 1867 1338 1998 gromus
1359 1849 1410 1913 eh·

241 1933 353 1998 adnuit
395 1931 442 1996 lta
464 1931 673 2020 Epicharmus,
706 1933 788 1997 cuins
815 1931 959 1997 rationem
981 1938 1011 1996 et
1059 1939 1139 1996 rates
1161 1940 1191 1996 et
1239 1933 1409 1998 herecrates

240 2020 333 2169 qeqqti
354 2026 434 2165 sugat,
454 2016 646 2166 in4Bqusqqido
668 2011 828 2082 Herculem
849 2023 985 2103 tanquam
1005 2016 1202 2082 insatiabilem
1224 2018 1327 2084 linxit:
1349 2019 1408 2086 vid.

273 2112 353 2167 ten.
405 2149 413 2166 .
454 2148 462 2166 .
507 2106 521 2164 l
603 2125 610 2166 :

323 2123 458 2269 Πρῶτάδ
477 2186 533 2266 μέν
554 2185 619 2250 alie'
643 2181 768 2249 ἔσθοντ’
792 2182 861 2270 ἴδῃς
880 2203 941 2264 νιν,
968 2181 1156 2261 ἀποθάνοις·

326 2270 437 2351 Βρίμει
458 2269 515 2348 μίν
536 2266 553 2333 ὁ
574 2268 695 2355 φάρυγξ
716 2267 834 2347 ἔνδοθ’,
857 2268 972 2353 ἀραβεῖ
988 2268 1019 2333 δ’
1043 2266 1064 2334 ἆ
1084 2267 1210 2355 γνάθος,

328 2357 434 2438 Ψοφεῖ
450 2352 480 2416 δ’
505 2345 521 2416 δ
543 2352 690 2438 γόμφιος,
712 2354 826 2436 τέτριγε
847 2353 878 2417 δ’
904 2352 920 2418 δ
943 2351 1089 2433 κυνόδων,

323 2439 402 2517 Σίζιι
424 2437 457 2501 δέ
477 2445 545 2514 ταῖς
566 2437 693 2524 ῥίνεσσι,
714 2445 792 2501 ervei
808 2435 840 2500 δ’
854 2435 974 2508 οὔατα.

239 2521 305 2598 Qua
325 2522 440 2610 quidem
466 2522 598 2611 imagine
628 2525 764 2610 antiquae
786 2523 903 2589 Atticae
930 2521 1098 2588 comoediae
1122 2529 1226 2612 poetae
1253 2541 1348 2610 nsque
1369 2523 1408 2592 ad

238 2608 364 2674 taedium
387 2609 578 2700 spectantium
601 2609 646 2673 usi
668 2613 755 2690 sunt,
783 2625 839 2694 quo
860 2608 979 2674 nomine
998 2607 1253 2698 reprehenduntur
1274 2609 1311 2674 ah
1333 2608 1409 2674 Ari-

238 2696 399 2848 stqphqne‚
424 2694 551 2846 quislqvc
576 2693 614 2760 ad
634 2691 859 2782 Megarensium
888 2693 1047 2760 iocularem
1072 2693 1250 2760 comoediam
1275 2694 1406 2784 relegat,
1494 2699 1495 2704 ’

237 2799 269 2847 ἰ
290 2827 298 2844 ·
324 2799 534 2948 itllle'vl'nae’
557 2858 646 2945 ἡμῶν
667 2863 843 2946 προσδοκᾶν
861 2861 930 2926 λίαν
949 2861 1039 2945 μέγα,

324 2949 417 3032 Μηδ’
442 2940 482 3012 αὖ
504 2948 620 3033 γέλωτα
642 2941 831 3032 Μιγαράδεν
851 2948 1059 3029 κεκλεμμένον.

317 3031 411 3115 Ἡμῖν
430 3034 489 3117 γάρ
512 3031 567 3098 oris
589 3030 654 3096 ἴστ’
678 3030 748 3096 οὕτε
769 3030 859 3114 κάρυ’
884 3033 917 3096 λιι
939 3034 1092 3118 φορμίδος

322 3116 437 3184 Aueiae
458 3121 702 3200 παραριπτσδντε
723 3125 787 3192 ταῖς
807 3116 983 3196 θεωμέναις,

329 3203 413 3268 οδδ’
424 3200 580 3286 Ἡρακλῆς
598 3203 634 3266 τδ
656 3205 775 3268 δεῖπνον
796 3198 1036 3280 ἐξαπατώμενος.

237 3287 819 3461 llhldddtltilamhtt‘tt
838 3285 1161 3455 itlttssh’attt
1174 3286 1405 3456 titillat

237 3453 392 3540 δράμασιν
417 3459 459 3532 είς
486 3482 542 3536 την
557 3454 744 3541 Ἡρακλέους
765 3456 936 3538 ἀπληστίαν
956 3454 1056 3520 πολλὰ
1077 3457 1264 3540 προείρηται.
1293 3458 1404 3522 rectius

237 3543 312 3608 alius
334 3541 479 3629 interpres
502 3541 631 3620 aemulos
653 3554 754 3630 poetas
775 3541 871 3606 notari
893 3542 1019 3606 censuit:
1041 3543 1175 3604 Ποιοῦσι
1192 3542 1225 3604 δι’
1245 3537 1404 3628 τὸνἩρα-

236 3629 310 3692 κλέα
336 3632 391 3690 τοῦ
418 3628 535 3710 γελοίου
560 3624 651 3709 χάριν
676 3627 856 3708 κεκλημένον
881 3628 922 3701 τίς
951 3629 1071 3692 δεῖπνσν
1091 3628 1141 3689 καί
1164 3627 1404 3710 δυσχεραίνοντα

238 3713 289 3777 daei
314 3711 350 3776 τδ
376 3710 516 3792 βραδέως
547 3709 632 3798 αὐτῷ
664 3711 868 3793 παρατιθέναι
901 3708 941 3774 td
966 3709 1043 3788 ὄψα.
1086 3711 1155 3799 lpse
1182 3709 1404 3800 Aristophanes

106 3867 109 3872 ,
235 3798 309 3864 haec
330 3798 458 3863 illustrat
478 3797 510 3860 in
531 3795 621 3860 Paeie
641 3797 779 3886 parahasi
791 3814 828 3860 v.
851 3794 930 3879 741,
958 3796 1008 3861 uhi
1029 3815 1188 3861 recensens
1209 3795 1314 3882 quihus
1335 3796 1403 3886 ipse

235 3883 372 3948 comicum
401 3891 493 3948 artem
521 3882 637 3946 auxerit
663 3889 694 3946 et
713 3881 923 3964 illustraverit,
948 3877 1021 3946 illud
1049 3881 1127 3944 inter
1147 3881 1275 3944 maxima
1295 3879 1404 3946 merita

234 3969 338 4049 refert,
359 3967 433 4053 quod
456 3967 597 4068 aemulos,
619 3967 668 4054 qui
689 3987 805 4056 semper
826 3967 1005 4032 esurientem
1018 3963 1179 4032 Herculem
1200 3963 1403 4048 exhibuerint,

234 4051 271 4118 de
292 4054 689 4221 8’δ”άδς””.δ”””έδρακλέους
727 4134 800 4212 rode
835 4129 1007 4218 μάττοντας
1046 4135 1097 4198 καί
1128 4131 1203 4221 τοδς
1234 4138 1401 4212 πεινῶντας

318 4259 401 4380 Teate
423 4300 590 4389 φεύγοντας
610 4299 850 4382 κάξαπατῶντας
870 4307 923 4370 καί
942 4220 1150 4388 άάάάδῖάάυυς
1169 4302 1308 4388 δι’τίτηδυς

311 4386 460 4475 'Relicto'
484 4389 642 4472 ἀτιμάσας
663 4394 793 4472 πρῶτος.
