<?xml version="1.0" encoding="UTF-8"?>
<!DOCTYPE html PUBLIC "-//W3C//DTD XHTML 1.0 Transitional//EN"
    "http://www.w3.org/TR/xhtml1/DTD/xhtml1-transitional.dtd">
<html xmlns="http://www.w3.org/1999/xhtml" xml:lang="en" lang="en">
 <head>
  <title>
</title>
<meta http-equiv="Content-Type" content="text/html;charset=utf-8" />
  <meta name='ocr-system' content='tesseract 3.04.00' />
  <meta name='ocr-capabilities' content='ocr_page ocr_carea ocr_par ocr_line ocrx_word'/>
</head>
<body>
  <div class='ocr_page' id='page_1' title='image "./commentationumd00kggoog_0450.png"; bbox 0 0 3000 5048; ppageno 0'>
   <div class='ocr_carea' id='block_1_1' title="bbox 386 214 1394 318">
    <p class='ocr_par' dir='ltr' id='par_1_1' title="bbox 386 214 1394 318">
     <span class='ocr_line' id='line_1_1' title="bbox 386 214 1394 318; baseline 0.019 -35"><span class='ocrx_word' id='word_1_1' title='bbox 386 217 446 284; x_wconf 87' lang='lat' dir='ltr'><strong>nn</strong></span> <span class='ocrx_word' id='word_1_2' title='bbox 467 217 610 294; x_wconf 83' lang='lat' dir='ltr'><strong>annuo.</strong></span> <span class='ocrx_word' id='word_1_3' title='bbox 632 214 818 289; x_wconf 83' lang='lat' dir='ltr'><strong>conone.</strong></span> <span class='ocrx_word' id='word_1_4' title='bbox 839 219 945 294; x_wconf 72' lang='lat' dir='ltr'><strong>eun.</strong></span> <span class='ocrx_word' id='word_1_5' title='bbox 965 222 1109 298; x_wconf 80' lang='lat' dir='ltr'><strong>mmo.</strong></span> <span class='ocrx_word' id='word_1_6' title='bbox 1271 221 1333 301; x_wconf 79' lang='grc' dir='ltr'><strong>ευ</strong></span> <span class='ocrx_word' id='word_1_7' title='bbox 1391 309 1394 318; x_wconf 55' lang='grc'><strong><em>,</em></strong></span> 
     </span>
    </p>
   </div>
   <div class='ocr_carea' id='block_1_2' title="bbox 29 383 1335 1744">
    <p class='ocr_par' dir='ltr' id='par_1_2' title="bbox 29 383 1335 1744">
     <span class='ocr_line' id='line_1_2' title="bbox 168 383 1335 478; baseline 0.004 -26"><span class='ocrx_word' id='word_1_8' title='bbox 168 385 289 454; x_wconf 87' lang='lat' dir='ltr'><strong>fortuito</strong></span> <span class='ocrx_word' id='word_1_9' title='bbox 316 383 459 452; x_wconf 87' lang='lat' dir='ltr'><strong>accidisse</strong></span> <span class='ocrx_word' id='word_1_10' title='bbox 482 385 608 450; x_wconf 76' lang='lat' dir='ltr'><strong>dixeris.</strong></span> <span class='ocrx_word' id='word_1_11' title='bbox 646 383 690 450; x_wconf 88' lang='lat' dir='ltr'><strong>At</strong></span> <span class='ocrx_word' id='word_1_12' title='bbox 716 385 796 452; x_wconf 87' lang='lat' dir='ltr'><strong>illam</strong></span> <span class='ocrx_word' id='word_1_13' title='bbox 825 387 1019 476; x_wconf 79' lang='lat' dir='ltr'><strong>suspicionem</strong></span> <span class='ocrx_word' id='word_1_14' title='bbox 1046 397 1157 478; x_wconf 83' lang='lat' dir='ltr'>augent</span> <span class='ocrx_word' id='word_1_15' title='bbox 1183 413 1235 475; x_wconf 90' lang='lat' dir='ltr'><strong>ea,</strong></span> <span class='ocrx_word' id='word_1_16' title='bbox 1261 411 1335 478; x_wconf 85' lang='lat' dir='ltr'><strong>qnae</strong></span> 
     </span>
     <span class='ocr_line' id='line_1_3' title="bbox 170 468 1335 558; baseline 0.003 -22"><span class='ocrx_word' id='word_1_17' title='bbox 170 469 309 536; x_wconf 83' lang='lat' dir='ltr'>Clemens</span> <span class='ocrx_word' id='word_1_18' title='bbox 330 468 554 536; x_wconf 89' lang='lat' dir='ltr'><strong>Alexandrinus</strong></span> <span class='ocrx_word' id='word_1_19' title='bbox 575 469 629 538; x_wconf 83' lang='lat' dir='ltr'><strong>Vl.</strong></span> <span class='ocrx_word' id='word_1_20' title='bbox 651 493 679 558; x_wconf 96' lang='lat' dir='ltr'><strong>p.</strong></span> <span class='ocrx_word' id='word_1_21' title='bbox 691 473 754 536; x_wconf 78' lang='lat'><strong>752</strong></span> <span class='ocrx_word' id='word_1_22' title='bbox 776 471 860 536; x_wconf 88' lang='lat' dir='ltr'><strong>dicit:</strong></span> <span class='ocrx_word' id='word_1_23' title='bbox 882 469 1017 537; x_wconf 78' lang='grc' dir='ltr'><em>Πλάτων</em></span> <span class='ocrx_word' id='word_1_24' title='bbox 1039 476 1072 538; x_wconf 77' lang='grc' dir='ltr'><strong>δὲ</strong></span> <span class='ocrx_word' id='word_1_25' title='bbox 1092 475 1110 539; x_wconf 83' lang='grc' dir='ltr'><strong><em>δ</em></strong></span> <span class='ocrx_word' id='word_1_26' title='bbox 1132 475 1264 556; x_wconf 84' lang='grc' dir='ltr'><strong><em>κωμικὸς</em></strong></span> <span class='ocrx_word' id='word_1_27' title='bbox 1284 479 1335 540; x_wconf 86' lang='grc' dir='ltr'><strong>καλ</strong></span> 
     </span>
     <span class='ocr_line' id='line_1_4' title="bbox 161 551 1335 646; baseline 0.005 -26"><span class='ocrx_word' id='word_1_28' title='bbox 161 551 386 638; x_wconf 78' lang='grc' dir='ltr'><strong><em>Ἀριστοφάνης</em></strong></span> <span class='ocrx_word' id='word_1_29' title='bbox 417 557 449 619; x_wconf 72' lang='grc' dir='ltr'><strong>ἐν</strong></span> <span class='ocrx_word' id='word_1_30' title='bbox 470 552 619 641; x_wconf 76' lang='grc' dir='ltr'><strong><em>Δαιδάλῳ</em></strong></span> <span class='ocrx_word' id='word_1_31' title='bbox 648 555 686 618; x_wconf 89' lang='grc' dir='ltr'><strong>τδ</strong></span> <span class='ocrx_word' id='word_1_32' title='bbox 713 555 853 638; x_wconf 80' lang='grc' dir='ltr'><strong><em>ἀλλήλων</em></strong></span> <span class='ocrx_word' id='word_1_33' title='bbox 879 556 1093 644; x_wconf 77' lang='grc' dir='ltr'><strong><em>ὑφαιροῦνται.</em></strong></span> <span class='ocrx_word' id='word_1_34' title='bbox 1135 560 1233 646; x_wconf 81' lang='lat' dir='ltr'><strong>Atque</strong></span> <span class='ocrx_word' id='word_1_35' title='bbox 1260 562 1335 646; x_wconf 87' lang='lat' dir='ltr'><strong>quod</strong></span> 
     </span>
     <span class='ocr_line' id='line_1_5' title="bbox 168 639 1334 710; baseline 0.007 -8"><span class='ocrx_word' id='word_1_36' title='bbox 168 661 208 702; x_wconf 88' lang='lat' dir='ltr'><strong>ex</strong></span> <span class='ocrx_word' id='word_1_37' title='bbox 228 639 363 704; x_wconf 90' lang='lat' dir='ltr'><strong>Platonis</strong></span> <span class='ocrx_word' id='word_1_38' title='bbox 390 639 490 704; x_wconf 87' lang='lat' dir='ltr'><strong>sabula</strong></span> <span class='ocrx_word' id='word_1_39' title='bbox 516 641 547 704; x_wconf 84' lang='lat' dir='ltr'><strong>fr</strong></span> <span class='ocrx_word' id='word_1_40' title='bbox 588 646 715 706; x_wconf 88' lang='lat' dir='ltr'><strong>mentum</strong></span> <span class='ocrx_word' id='word_1_41' title='bbox 742 649 889 706; x_wconf 87' lang='lat' dir='ltr'><strong>servatum</strong></span> <span class='ocrx_word' id='word_1_42' title='bbox 918 650 964 706; x_wconf 89' lang='lat' dir='ltr'><strong>est</strong></span> <span class='ocrx_word' id='word_1_43' title='bbox 990 665 1008 707; x_wconf 91' lang='lat' dir='ltr'><strong>a</strong></span> <span class='ocrx_word' id='word_1_44' title='bbox 1029 641 1196 710; x_wconf 89' lang='lat' dir='ltr'><strong>Scholiasta</strong></span> <span class='ocrx_word' id='word_1_45' title='bbox 1219 644 1334 710; x_wconf 90' lang='lat' dir='ltr'><strong>Aristo-</strong></span> 
     </span>
     <span class='ocr_line' id='line_1_6' title="bbox 130 723 1129 816; baseline 0.002 -28"><span class='ocrx_word' id='word_1_46' title='bbox 130 787 135 794; x_wconf 76' lang='lat'><strong>,</strong></span> <span class='ocrx_word' id='word_1_47' title='bbox 166 725 274 812; x_wconf 88' lang='lat' dir='ltr'><strong>phanis</strong></span> <span class='ocrx_word' id='word_1_48' title='bbox 295 724 392 811; x_wconf 84' lang='lat' dir='ltr'><strong>Nohb.</strong></span> <span class='ocrx_word' id='word_1_49' title='bbox 414 745 443 788; x_wconf 88' lang='lat' dir='ltr'><strong>v.</strong></span> <span class='ocrx_word' id='word_1_50' title='bbox 465 727 546 790; x_wconf 78' lang='lat'><strong>659:</strong></span> <span class='ocrx_word' id='word_1_51' title='bbox 603 727 633 786; x_wconf 87' lang='lat' dir='ltr'><strong>ol</strong></span> <span class='ocrx_word' id='word_1_52' title='bbox 655 725 688 788; x_wconf 78' lang='grc' dir='ltr'><strong>ἰν</strong></span> <span class='ocrx_word' id='word_1_53' title='bbox 708 731 751 810; x_wconf 85' lang='grc' dir='ltr'><strong>τῷ</strong></span> <span class='ocrx_word' id='word_1_54' title='bbox 772 723 942 802; x_wconf 86' lang='grc' dir='ltr'><strong><em>Πλάτωνος</em></strong></span> <span class='ocrx_word' id='word_1_55' title='bbox 963 727 1129 816; x_wconf 76' lang='grc' dir='ltr'><strong>Δαιδάλῳ·</strong></span> 
     </span>
     <span class='ocr_line' id='line_1_7' title="bbox 249 807 873 898; baseline 0.002 -27"><span class='ocrx_word' id='word_1_56' title='bbox 249 807 359 872; x_wconf 86' lang='grc' dir='ltr'><strong><em>Ἐνίοτε</em></strong></span> <span class='ocrx_word' id='word_1_57' title='bbox 381 811 491 872; x_wconf 86' lang='grc' dir='ltr'><strong><em>πολλαλ</em></strong></span> <span class='ocrx_word' id='word_1_58' title='bbox 513 815 575 872; x_wconf 92' lang='grc' dir='ltr'><strong>τῶν</strong></span> <span class='ocrx_word' id='word_1_59' title='bbox 596 808 798 894; x_wconf 76' lang='grc' dir='ltr'><strong><em>ἀλεκτορίδων</em></strong></span> <span class='ocrx_word' id='word_1_60' title='bbox 817 812 873 898; x_wconf 74' lang='grc' dir='ltr'><strong>βίρ</strong></span> 
     </span>
     <span class='ocr_line' id='line_1_8' title="bbox 167 890 835 976; baseline 0.004 -21"><span class='ocrx_word' id='word_1_61' title='bbox 167 903 172 912; x_wconf 83' lang='grc'><em>“</em></span> <span class='ocrx_word' id='word_1_62' title='bbox 245 890 421 976; x_wconf 79' lang='grc' dir='ltr'><strong><em>Ὑπήνίμια</em></strong></span> <span class='ocrx_word' id='word_1_63' title='bbox 440 893 592 958; x_wconf 75' lang='grc' dir='ltr'><strong><em>τίκτουσιν</em></strong></span> <span class='ocrx_word' id='word_1_64' title='bbox 613 893 660 956; x_wconf 83' lang='grc' dir='ltr'><strong>ολδ</strong></span> <span class='ocrx_word' id='word_1_65' title='bbox 681 891 835 970; x_wconf 75' lang='grc' dir='ltr'><strong><em>πολλάκις.</em></strong></span> 
     </span>
     <span class='ocr_line' id='line_1_9' title="bbox 165 957 1333 1082; baseline 0.003 -40"><span class='ocrx_word' id='word_1_66' title='bbox 165 978 196 1042; x_wconf 95' lang='lat' dir='ltr'><strong>id</strong></span> <span class='ocrx_word' id='word_1_67' title='bbox 217 999 288 1043; x_wconf 87' lang='lat' dir='ltr'><strong>vero</strong></span> <span class='ocrx_word' id='word_1_68' title='bbox 311 1001 350 1042; x_wconf 91' lang='lat' dir='ltr'><strong>ex</strong></span> <span class='ocrx_word' id='word_1_69' title='bbox 371 978 581 1066; x_wconf 80' lang='lat' dir='ltr'><strong>Aristophanis</strong></span> <span class='ocrx_word' id='word_1_70' title='bbox 603 957 737 1044; x_wconf 80' lang='lat' dir='ltr'><strong>[laedalo</strong></span> <span class='ocrx_word' id='word_1_71' title='bbox 759 977 888 1044; x_wconf 90' lang='lat' dir='ltr'><strong>afferunt</strong></span> <span class='ocrx_word' id='word_1_72' title='bbox 909 977 1083 1045; x_wconf 78' lang='lat' dir='ltr'><strong>Athenaeus</strong></span> <span class='ocrx_word' id='word_1_73' title='bbox 1103 980 1157 1045; x_wconf 88' lang='lat' dir='ltr'><strong>IX.</strong></span> <span class='ocrx_word' id='word_1_74' title='bbox 1178 1003 1206 1082; x_wconf 89' lang='lat' dir='ltr'><strong>p.</strong></span> <span class='ocrx_word' id='word_1_75' title='bbox 1217 983 1282 1048; x_wconf 69' lang='lat' dir='ltr'><strong>ota</strong></span> <span class='ocrx_word' id='word_1_76' title='bbox 1296 981 1333 1046; x_wconf 87' lang='grc' dir='ltr'><strong>Ε.</strong></span> 
     </span>
     <span class='ocr_line' id='line_1_10' title="bbox 165 1060 1333 1152; baseline 0.001 -23"><span class='ocrx_word' id='word_1_77' title='bbox 165 1064 275 1129; x_wconf 88' lang='lat' dir='ltr'><strong>Snidas</strong></span> <span class='ocrx_word' id='word_1_78' title='bbox 288 1073 318 1128; x_wconf 89' lang='lat' dir='ltr'><strong>et</strong></span> <span class='ocrx_word' id='word_1_79' title='bbox 328 1063 453 1128; x_wconf 90' lang='lat' dir='ltr'><strong>Photins</strong></span> <span class='ocrx_word' id='word_1_80' title='bbox 465 1085 493 1129; x_wconf 92' lang='lat' dir='ltr'><strong>v.</strong></span> <span class='ocrx_word' id='word_1_81' title='bbox 505 1060 676 1146; x_wconf 77' lang='grc' dir='ltr'><strong><em>δπηνίμιατ</em></strong></span> <span class='ocrx_word' id='word_1_82' title='bbox 697 1064 740 1128; x_wconf 89' lang='lat' dir='ltr'><strong>ita</strong></span> <span class='ocrx_word' id='word_1_83' title='bbox 761 1072 792 1128; x_wconf 91' lang='lat' dir='ltr'><strong>ot</strong></span> <span class='ocrx_word' id='word_1_84' title='bbox 802 1085 923 1152; x_wconf 89' lang='lat' dir='ltr'><strong>prorsus</strong></span> <span class='ocrx_word' id='word_1_85' title='bbox 935 1085 997 1128; x_wconf 89' lang='lat' dir='ltr'><strong>nou</strong></span> <span class='ocrx_word' id='word_1_86' title='bbox 1038 1066 1112 1130; x_wconf 88' lang='lat' dir='ltr'><strong>ossit</strong></span> <span class='ocrx_word' id='word_1_87' title='bbox 1125 1066 1262 1147; x_wconf 81' lang='lat' dir='ltr'><strong>dohutari,</strong></span> <span class='ocrx_word' id='word_1_88' title='bbox 1284 1067 1333 1152; x_wconf 90' lang='lat' dir='ltr'><strong>qui</strong></span> 
     </span>
     <span class='ocr_line' id='line_1_11' title="bbox 163 1086 1331 1250; baseline 0.002 -38"><span class='ocrx_word' id='word_1_89' title='bbox 163 1149 329 1234; x_wconf 88' lang='lat' dir='ltr'><strong>inutraque</strong></span> <span class='ocrx_word' id='word_1_90' title='bbox 342 1149 443 1213; x_wconf 88' lang='lat' dir='ltr'><strong>lahnla</strong></span> <span class='ocrx_word' id='word_1_91' title='bbox 458 1148 662 1214; x_wconf 86' lang='lat' dir='ltr'><strong>iidemversus</strong></span> <span class='ocrx_word' id='word_1_92' title='bbox 680 1149 748 1212; x_wconf 88' lang='lat' dir='ltr'><strong>lecti</strong></span> <span class='ocrx_word' id='word_1_93' title='bbox 765 1149 893 1229; x_wconf 71' lang='lat' dir='ltr'><strong>luerint,</strong></span> <span class='ocrx_word' id='word_1_94' title='bbox 911 1156 996 1234; x_wconf 79' lang='lat' dir='ltr'><strong>atque</strong></span> <span class='ocrx_word' id='word_1_95' title='bbox 1014 1086 1070 1214; x_wconf 82' lang='lat' dir='ltr'><strong>loc</strong></span> <span class='ocrx_word' id='word_1_96' title='bbox 1085 1150 1178 1250; x_wconf 88' lang='lat' dir='ltr'><strong>ipsum</strong></span> <span class='ocrx_word' id='word_1_97' title='bbox 1192 1149 1331 1217; x_wconf 78' lang='lat' dir='ltr'><strong>Clemens</strong></span> 
     </span>
     <span class='ocr_line' id='line_1_12' title="bbox 162 1233 1331 1324; baseline 0.001 -27"><span class='ocrx_word' id='word_1_98' title='bbox 162 1233 215 1298; x_wconf 94' lang='lat' dir='ltr'><strong>illo</strong></span> <span class='ocrx_word' id='word_1_99' title='bbox 241 1233 305 1297; x_wconf 90' lang='lat' dir='ltr'><strong>loco</strong></span> <span class='ocrx_word' id='word_1_100' title='bbox 331 1233 482 1298; x_wconf 86' lang='lat' dir='ltr'><strong>indicavit.</strong></span> <span class='ocrx_word' id='word_1_101' title='bbox 523 1233 586 1298; x_wconf 90' lang='lat' dir='ltr'><strong>lam</strong></span> <span class='ocrx_word' id='word_1_102' title='bbox 613 1253 673 1296; x_wconf 90' lang='lat' dir='ltr'><strong>non</strong></span> <span class='ocrx_word' id='word_1_103' title='bbox 694 1240 753 1298; x_wconf 75' lang='lat' dir='ltr'><strong>mm</strong></span> <span class='ocrx_word' id='word_1_104' title='bbox 774 1233 1020 1321; x_wconf 77' lang='lat' dir='ltr'><strong>Aristophanem,</strong></span> <span class='ocrx_word' id='word_1_105' title='bbox 1051 1234 1181 1299; x_wconf 79' lang='lat' dir='ltr'><strong>divinum</strong></span> <span class='ocrx_word' id='word_1_106' title='bbox 1206 1241 1331 1324; x_wconf 86' lang='lat' dir='ltr'><strong>poetam,</strong></span> 
     </span>
     <span class='ocr_line' id='line_1_13' title="bbox 29 1317 1332 1405; baseline 0.002 -24"><span class='ocrx_word' id='word_1_107' title='bbox 29 1346 31 1348; x_wconf 94' lang='lat'>·</span> <span class='ocrx_word' id='word_1_108' title='bbox 163 1339 249 1402; x_wconf 89' lang='lat' dir='ltr'><strong>quam</strong></span> <span class='ocrx_word' id='word_1_109' title='bbox 260 1318 425 1400; x_wconf 83' lang='lat' dir='ltr'><strong>Platonem,</strong></span> <span class='ocrx_word' id='word_1_110' title='bbox 447 1318 493 1382; x_wconf 89' lang='lat' dir='ltr'><strong>oui</strong></span> <span class='ocrx_word' id='word_1_111' title='bbox 507 1317 604 1382; x_wconf 86' lang='lat' dir='ltr'><strong>minor</strong></span> <span class='ocrx_word' id='word_1_112' title='bbox 615 1319 670 1382; x_wconf 88' lang='lat' dir='ltr'><strong>luit</strong></span> <span class='ocrx_word' id='word_1_113' title='bbox 690 1319 806 1405; x_wconf 83' lang='lat' dir='ltr'><strong>ingenii</strong></span> <span class='ocrx_word' id='word_1_114' title='bbox 827 1319 956 1399; x_wconf 89' lang='lat' dir='ltr'><strong>ubertas,</strong></span> <span class='ocrx_word' id='word_1_115' title='bbox 977 1319 1035 1382; x_wconf 88' lang='lat' dir='ltr'><strong>ista</strong></span> <span class='ocrx_word' id='word_1_116' title='bbox 1053 1326 1138 1403; x_wconf 90' lang='lat' dir='ltr'><strong>atque</strong></span> <span class='ocrx_word' id='word_1_117' title='bbox 1155 1320 1214 1384; x_wconf 90' lang='lat' dir='ltr'><strong>alia</strong></span> <span class='ocrx_word' id='word_1_118' title='bbox 1231 1319 1332 1384; x_wconf 88' lang='lat' dir='ltr'><strong>furtim</strong></span> 
     </span>
     <span class='ocr_line' id='line_1_14' title="bbox 161 1402 1332 1492; baseline 0.002 -26"><span class='ocrx_word' id='word_1_119' title='bbox 161 1402 248 1466; x_wconf 85' lang='lat' dir='ltr'><strong>alteri</strong></span> <span class='ocrx_word' id='word_1_120' title='bbox 275 1404 453 1492; x_wconf 82' lang='lat' dir='ltr'><strong>surripuisse</strong></span> <span class='ocrx_word' id='word_1_121' title='bbox 475 1411 702 1467; x_wconf 88' lang='lat' dir='ltr'><strong>consentaneum</strong></span> <span class='ocrx_word' id='word_1_122' title='bbox 724 1412 784 1468; x_wconf 84' lang='lat' dir='ltr'><strong>est:</strong></span> <span class='ocrx_word' id='word_1_123' title='bbox 816 1403 913 1488; x_wconf 88' lang='lat' dir='ltr'><strong>itaque</strong></span> <span class='ocrx_word' id='word_1_124' title='bbox 934 1403 1145 1491; x_wconf 77' lang='lat' dir='ltr'><strong>Aristophanis</strong></span> <span class='ocrx_word' id='word_1_125' title='bbox 1166 1403 1332 1468; x_wconf 76' lang='lat' dir='ltr'><strong>Daedalum</strong></span> 
     </span>
     <span class='ocr_line' id='line_1_15' title="bbox 161 1484 1330 1574; baseline 0.003 -24"><span class='ocrx_word' id='word_1_126' title='bbox 161 1495 230 1550; x_wconf 88' lang='lat' dir='ltr'><strong>ante</strong></span> <span class='ocrx_word' id='word_1_127' title='bbox 251 1487 364 1552; x_wconf 93' lang='lat' dir='ltr'><strong>doctum</strong></span> <span class='ocrx_word' id='word_1_128' title='bbox 392 1509 459 1553; x_wconf 88' lang='lat' dir='ltr'><strong>esse</strong></span> <span class='ocrx_word' id='word_1_129' title='bbox 489 1487 648 1567; x_wconf 86' lang='lat' dir='ltr'><strong>contendo,</strong></span> <span class='ocrx_word' id='word_1_130' title='bbox 692 1493 777 1572; x_wconf 89' lang='lat' dir='ltr'><strong>atque</strong></span> <span class='ocrx_word' id='word_1_131' title='bbox 806 1489 842 1551; x_wconf 94' lang='lat' dir='ltr'><strong>oh</strong></span> <span class='ocrx_word' id='word_1_132' title='bbox 864 1488 894 1551; x_wconf 92' lang='lat' dir='ltr'><strong>id</strong></span> <span class='ocrx_word' id='word_1_133' title='bbox 923 1484 1017 1574; x_wconf 88' lang='lat' dir='ltr'><strong>ipsum</strong></span> <span class='ocrx_word' id='word_1_134' title='bbox 1048 1488 1135 1552; x_wconf 88' lang='lat' dir='ltr'><strong>ctiam</strong></span> <span class='ocrx_word' id='word_1_135' title='bbox 1160 1488 1330 1554; x_wconf 84' lang='lat' dir='ltr'><strong>inimicitiae</strong></span> 
     </span>
     <span class='ocr_line' id='line_1_16' title="bbox 159 1571 1330 1661; baseline 0.001 -26"><span class='ocrx_word' id='word_1_136' title='bbox 159 1571 239 1636; x_wconf 90' lang='lat' dir='ltr'><strong>inter</strong></span> <span class='ocrx_word' id='word_1_137' title='bbox 264 1571 495 1661; x_wconf 87' lang='lat' dir='ltr'><strong>Aristophanem</strong></span> <span class='ocrx_word' id='word_1_138' title='bbox 523 1579 553 1636; x_wconf 89' lang='lat' dir='ltr'><strong>et</strong></span> <span class='ocrx_word' id='word_1_139' title='bbox 578 1571 733 1636; x_wconf 89' lang='lat' dir='ltr'><strong>Platonem</strong></span> <span class='ocrx_word' id='word_1_140' title='bbox 759 1571 897 1635; x_wconf 78' lang='lat' dir='ltr'><strong>videmur</strong></span> <span class='ocrx_word' id='word_1_141' title='bbox 923 1593 990 1636; x_wconf 90' lang='lat' dir='ltr'><strong>esse</strong></span> <span class='ocrx_word' id='word_1_142' title='bbox 1018 1579 1149 1636; x_wconf 87' lang='lat' dir='ltr'><strong>exortae.</strong></span> <span class='ocrx_word' id='word_1_143' title='bbox 1190 1573 1330 1661; x_wconf 87' lang='lat' dir='ltr'><strong>Inprimis</strong></span> 
     </span>
     <span class='ocr_line' id='line_1_17' title="bbox 159 1655 1286 1744; baseline 0.002 -24"><span class='ocrx_word' id='word_1_144' title='bbox 159 1663 254 1722; x_wconf 83' lang='lat' dir='ltr'><strong>autem</strong></span> <span class='ocrx_word' id='word_1_145' title='bbox 276 1658 379 1744; x_wconf 77' lang='lat' dir='ltr'><strong>gravis</strong></span> <span class='ocrx_word' id='word_1_146' title='bbox 400 1657 482 1720; x_wconf 88' lang='lat' dir='ltr'><strong>locos</strong></span> <span class='ocrx_word' id='word_1_147' title='bbox 505 1655 541 1720; x_wconf 90' lang='lat' dir='ltr'><strong>de</strong></span> <span class='ocrx_word' id='word_1_148' title='bbox 561 1655 650 1720; x_wconf 82' lang='lat' dir='ltr'><strong>furtis</strong></span> <span class='ocrx_word' id='word_1_149' title='bbox 672 1665 719 1720; x_wconf 83' lang='lat' dir='ltr'><strong>est</strong></span> <span class='ocrx_word' id='word_1_150' title='bbox 739 1655 863 1720; x_wconf 87' lang='lat' dir='ltr'><strong>Ensehii</strong></span> <span class='ocrx_word' id='word_1_151' title='bbox 883 1655 1028 1744; x_wconf 86' lang='lat' dir='ltr'><strong>Praepar.</strong></span> <span class='ocrx_word' id='word_1_152' title='bbox 1048 1656 1168 1744; x_wconf 83' lang='lat' dir='ltr'><strong>Evang.</strong></span> <span class='ocrx_word' id='word_1_153' title='bbox 1189 1655 1228 1723; x_wconf 87' lang='lat' dir='ltr'><strong>X.</strong></span> <span class='ocrx_word' id='word_1_154' title='bbox 1249 1663 1286 1725; x_wconf 85' lang='lat'><strong>3:</strong></span> 
     </span>
    </p>
   </div>
   <div class='ocr_carea' id='block_1_3' title="bbox 156 1754 1328 2266">
    <p class='ocr_par' dir='ltr' id='par_1_3' title="bbox 156 1754 1328 2008">
     <span class='ocr_line' id='line_1_18' title="bbox 243 1754 1328 1866; baseline 0.002 -44"><span class='ocrx_word' id='word_1_155' title='bbox 243 1755 294 1822; x_wconf 87' lang='lat' dir='ltr'><strong>Ex</strong></span> <span class='ocrx_word' id='word_1_156' title='bbox 320 1757 474 1844; x_wconf 90' lang='lat' dir='ltr'><strong>Amipsiae</strong></span> <span class='ocrx_word' id='word_1_157' title='bbox 501 1754 681 1866; x_wconf 86' lang='lat' dir='ltr'><strong>Sphendone</strong></span> <span class='ocrx_word' id='word_1_158' title='bbox 709 1755 883 1822; x_wconf 86' lang='lat' dir='ltr'><strong>Athenaeus</strong></span> <span class='ocrx_word' id='word_1_159' title='bbox 916 1763 1090 1844; x_wconf 81' lang='lat' dir='ltr'><strong>anapaestos</strong></span> <span class='ocrx_word' id='word_1_160' title='bbox 1118 1757 1248 1821; x_wconf 87' lang='lat' dir='ltr'><strong>servavit</strong></span> <span class='ocrx_word' id='word_1_161' title='bbox 1275 1756 1328 1825; x_wconf 92' lang='lat' dir='ltr'><strong>VI·</strong></span> 
     </span>
     <span class='ocr_line' id='line_1_19' title="bbox 157 1839 1327 1930; baseline 0.002 -25"><span class='ocrx_word' id='word_1_162' title='bbox 157 1862 187 1930; x_wconf 87' lang='lat' dir='ltr'><strong>p.</strong></span> <span class='ocrx_word' id='word_1_163' title='bbox 207 1843 272 1905; x_wconf 70' lang='lat'><strong>270</strong></span> <span class='ocrx_word' id='word_1_164' title='bbox 292 1841 335 1906; x_wconf 86' lang='lat' dir='ltr'><strong>F:</strong></span> <span class='ocrx_word' id='word_1_165' title='bbox 379 1841 472 1904; x_wconf 84' lang='grc' dir='ltr'><strong><em>Κατδ</em></strong></span> <span class='ocrx_word' id='word_1_166' title='bbox 498 1865 556 1924; x_wconf 80' lang='grc' dir='ltr'><strong>γαρ</strong></span> <span class='ocrx_word' id='word_1_167' title='bbox 577 1839 755 1923; x_wconf 73' lang='grc' dir='ltr'><strong><em>Ἀμειψίαν,</em></strong></span> <span class='ocrx_word' id='word_1_168' title='bbox 784 1839 817 1918; x_wconf 66' lang='lat' dir='ltr'><strong>dg</strong></span> <span class='ocrx_word' id='word_1_169' title='bbox 844 1843 876 1906; x_wconf 73' lang='grc' dir='ltr'><strong>ἐν</strong></span> <span class='ocrx_word' id='word_1_170' title='bbox 896 1839 1055 1928; x_wconf 77' lang='grc' dir='ltr'><strong><em>Σφενδόνῃ</em></strong></span> <span class='ocrx_word' id='word_1_171' title='bbox 1087 1839 1148 1927; x_wconf 70' lang='grc' dir='ltr'><strong>ἔφη</strong></span> <span class='ocrx_word' id='word_1_172' title='bbox 1175 1843 1242 1928; x_wconf 78' lang='grc' dir='ltr'><strong><em>περὶ</em></strong></span> <span class='ocrx_word' id='word_1_173' title='bbox 1269 1843 1327 1907; x_wconf 79' lang='grc' dir='ltr'><strong><em>σοῦ</em></strong></span> 
     </span>
     <span class='ocr_line' id='line_1_20' title="bbox 156 1917 1125 2008; baseline -0.001 -18"><span class='ocrx_word' id='word_1_174' title='bbox 156 1922 417 2007; x_wconf 86' lang='grc' dir='ltr'><strong><em>μαντευσάμενός,</em></strong></span> <span class='ocrx_word' id='word_1_175' title='bbox 439 1917 464 1990; x_wconf 75' lang='lat' dir='ltr'><strong>oi</strong></span> <span class='ocrx_word' id='word_1_176' title='bbox 484 1921 661 2008; x_wconf 77' lang='grc' dir='ltr'><strong><em>Λαρήνσιε·</em></strong></span> <span class='ocrx_word' id='word_1_177' title='bbox 759 1941 767 1958; x_wconf 92' lang='grc'><em>·</em></span> <span class='ocrx_word' id='word_1_178' title='bbox 1122 1939 1125 1946; x_wconf 72' lang='grc'><strong>“</strong></span> 
     </span>
    </p>

    <p class='ocr_par' dir='ltr' id='par_1_4' title="bbox 241 2005 1327 2117">
     <span class='ocr_line' id='line_1_21' title="bbox 241 2005 1327 2117; baseline 0.002 -43"><span class='ocrx_word' id='word_1_179' title='bbox 241 2011 374 2087; x_wconf 82' lang='grc' dir='ltr'><strong><em>Κοδδελς</em></strong></span> <span class='ocrx_word' id='word_1_180' title='bbox 401 2009 525 2075; x_wconf 77' lang='grc' dir='ltr'><strong><em>σούστὶν</em></strong></span> <span class='ocrx_word' id='word_1_181' title='bbox 551 2015 613 2074; x_wconf 85' lang='grc' dir='ltr'><strong>τῶν</strong></span> <span class='ocrx_word' id='word_1_182' title='bbox 643 2005 856 2117; x_wconf 76' lang='grc' dir='ltr'><strong><em>πλουτούντων</em></strong></span> <span class='ocrx_word' id='word_1_183' title='bbox 881 2007 925 2090; x_wconf 90' lang='grc' dir='ltr'><strong>μδι</strong></span> <span class='ocrx_word' id='word_1_184' title='bbox 951 2007 1007 2074; x_wconf 86' lang='grc' dir='ltr'><strong>τὸν</strong></span> <span class='ocrx_word' id='word_1_185' title='bbox 1026 2005 1200 2095; x_wconf 85' lang='grc' dir='ltr'><strong><em>Ἥφαιστον</em></strong></span> <span class='ocrx_word' id='word_1_186' title='bbox 1230 2033 1327 2096; x_wconf 87' lang='grc' dir='ltr'><strong><em>προσ-</em></strong></span> 
     </span>
    </p>

    <p class='ocr_par' dir='ltr' id='par_1_5' title="bbox 241 2117 1261 2266">
     <span class='ocr_line' id='line_1_22' title="bbox 241 2117 1261 2266; baseline -0.001 -24"><span class='ocrx_word' id='word_1_187' title='bbox 241 2174 490 2263; x_wconf 83' lang='grc' dir='ltr'><strong><em>Καλλιτράπεζος</em></strong></span> <span class='ocrx_word' id='word_1_188' title='bbox 510 2179 560 2242; x_wconf 85' lang='grc' dir='ltr'><strong>καλ</strong></span> <span class='ocrx_word' id='word_1_189' title='bbox 581 2173 768 2260; x_wconf 85' lang='grc' dir='ltr'><strong><em>βουλόμενος</em></strong></span> <span class='ocrx_word' id='word_1_190' title='bbox 795 2117 932 2266; x_wconf 56' lang='grc' dir='ltr'><strong><em>λίνδιάρλδδ,</em></strong></span> <span class='ocrx_word' id='word_1_191' title='bbox 944 2176 1058 2260; x_wconf 79' lang='grc' dir='ltr'><strong><em>ψωμὸν</em></strong></span> <span class='ocrx_word' id='word_1_192' title='bbox 1078 2177 1261 2242; x_wconf 77' lang='grc' dir='ltr'><strong><em>καταπίνειν.</em></strong></span> 
     </span>
    </p>
   </div>
   <div class='ocr_carea' id='block_1_4' title="bbox 144 2275 1484 4362">
    <p class='ocr_par' dir='ltr' id='par_1_6' title="bbox 144 2275 1484 4362">
     <span class='ocr_line' id='line_1_23' title="bbox 156 2275 1325 2368; baseline -0.003 -24"><span class='ocrx_word' id='word_1_193' title='bbox 156 2279 280 2344; x_wconf 85' lang='lat' dir='ltr'><strong>ethaeo</strong></span> <span class='ocrx_word' id='word_1_194' title='bbox 302 2287 402 2368; x_wconf 89' lang='lat' dir='ltr'><strong>aperte</strong></span> <span class='ocrx_word' id='word_1_195' title='bbox 430 2287 568 2367; x_wconf 90' lang='lat' dir='ltr'><strong>corrupta</strong></span> <span class='ocrx_word' id='word_1_196' title='bbox 589 2286 673 2360; x_wconf 86' lang='lat' dir='ltr'><strong>sunt,</strong></span> <span class='ocrx_word' id='word_1_197' title='bbox 699 2277 857 2365; x_wconf 87' lang='lat' dir='ltr'><strong>legendum</strong></span> <span class='ocrx_word' id='word_1_198' title='bbox 880 2279 958 2343; x_wconf 88' lang='lat' dir='ltr'><strong>enim</strong></span> <span class='ocrx_word' id='word_1_199' title='bbox 979 2285 1039 2343; x_wconf 87' lang='lat' dir='ltr'><strong>est:</strong></span> <span class='ocrx_word' id='word_1_200' title='bbox 1082 2275 1325 2363; x_wconf 80' lang='grc' dir='ltr'><strong><em>προσομοίως</em></strong></span> 
     </span>
     <span class='ocr_line' id='line_1_24' title="bbox 238 2359 1261 2450; baseline -0.002 -23"><span class='ocrx_word' id='word_1_201' title='bbox 238 2359 487 2446; x_wconf 83' lang='grc' dir='ltr'><strong><em>Καλλιτρόπεζος</em></strong></span> <span class='ocrx_word' id='word_1_202' title='bbox 508 2365 559 2426; x_wconf 86' lang='grc' dir='ltr'><strong>καλ</strong></span> <span class='ocrx_word' id='word_1_203' title='bbox 580 2359 766 2444; x_wconf 80' lang='grc' dir='ltr'><strong><em>βουλόμενος</em></strong></span> <span class='ocrx_word' id='word_1_204' title='bbox 788 2361 917 2450; x_wconf 87' lang='grc' dir='ltr'><strong><em>λιπαρὸν</em></strong></span> <span class='ocrx_word' id='word_1_205' title='bbox 939 2363 1058 2442; x_wconf 88' lang='grc' dir='ltr'><strong><em>ζωμδν</em></strong></span> <span class='ocrx_word' id='word_1_206' title='bbox 1079 2363 1261 2426; x_wconf 80' lang='grc' dir='ltr'><strong><em>καταπίνειν.</em></strong></span> 
     </span>
     <span class='ocr_line' id='line_1_25' title="bbox 152 2447 1323 2535; baseline -0.002 -23"><span class='ocrx_word' id='word_1_207' title='bbox 152 2448 210 2513; x_wconf 88' lang='lat' dir='ltr'><strong>hoc</strong></span> <span class='ocrx_word' id='word_1_208' title='bbox 231 2449 308 2514; x_wconf 92' lang='lat' dir='ltr'><strong>enim</strong></span> <span class='ocrx_word' id='word_1_209' title='bbox 337 2449 434 2514; x_wconf 86' lang='lat' dir='ltr'><strong>dicere</strong></span> <span class='ocrx_word' id='word_1_210' title='bbox 465 2447 558 2512; x_wconf 90' lang='lat' dir='ltr'><strong>voluit</strong></span> <span class='ocrx_word' id='word_1_211' title='bbox 583 2457 670 2535; x_wconf 88' lang='lat' dir='ltr'><strong>poeta</strong></span> <span class='ocrx_word' id='word_1_212' title='bbox 695 2455 855 2511; x_wconf 76' lang='grc' dir='ltr'><strong><em>αενιίαωιι</em></strong></span> <span class='ocrx_word' id='word_1_213' title='bbox 886 2454 1023 2511; x_wconf 71' lang='lat' dir='ltr'><strong>divitum</strong></span> <span class='ocrx_word' id='word_1_214' title='bbox 1053 2471 1159 2530; x_wconf 79' lang='lat' dir='ltr'><strong>aeque</strong></span> <span class='ocrx_word' id='word_1_215' title='bbox 1180 2453 1323 2510; x_wconf 77' lang='lat' dir='ltr'><strong>delicato</strong></span> 
     </span>
     <span class='ocr_line' id='line_1_26' title="bbox 152 2531 1322 2615; baseline 0 -19"><span class='ocrx_word' id='word_1_216' title='bbox 152 2541 242 2596; x_wconf 81' lang='lat' dir='ltr'><strong>otctcc</strong></span> <span class='ocrx_word' id='word_1_217' title='bbox 253 2539 424 2609; x_wconf 74' lang='lat' dir='ltr'><strong>delectare,</strong></span> <span class='ocrx_word' id='word_1_218' title='bbox 449 2555 555 2615; x_wconf 81' lang='grc' dir='ltr'><strong><em>αεφυτ</em></strong></span> <span class='ocrx_word' id='word_1_219' title='bbox 574 2538 706 2594; x_wconf 73' lang='lat' dir='ltr'><strong>avidum</strong></span> <span class='ocrx_word' id='word_1_220' title='bbox 728 2555 800 2594; x_wconf 79' lang='lat' dir='ltr'><strong>esec</strong></span> <span class='ocrx_word' id='word_1_221' title='bbox 821 2540 909 2595; x_wconf 75' lang='grc' dir='ltr'><strong><em>ιἰινὲε</em></strong></span> <span class='ocrx_word' id='word_1_222' title='bbox 929 2537 1010 2594; x_wconf 76' lang='grc' dir='ltr'><strong><em>δοντα</em></strong></span> <span class='ocrx_word' id='word_1_223' title='bbox 1030 2538 1165 2595; x_wconf 74' lang='lat' dir='ltr'><strong>conditi.</strong></span> <span class='ocrx_word' id='word_1_224' title='bbox 1187 2539 1217 2596; x_wconf 88' lang='lat' dir='ltr'><strong>et</strong></span> <span class='ocrx_word' id='word_1_225' title='bbox 1236 2531 1322 2596; x_wconf 86' lang='lat' dir='ltr'><strong>video</strong></span> 
     </span>
     <span class='ocr_line' id='line_1_27' title="bbox 152 2613 1320 2698; baseline -0.003 -16"><span class='ocrx_word' id='word_1_226' title='bbox 152 2619 239 2682; x_wconf 84' lang='lat' dir='ltr'><strong>etiam</strong></span> <span class='ocrx_word' id='word_1_227' title='bbox 268 2617 395 2681; x_wconf 83' lang='lat' dir='ltr'><strong>codicem</strong></span> <span class='ocrx_word' id='word_1_228' title='bbox 423 2616 451 2679; x_wconf 91' lang='lat' dir='ltr'>P</span> <span class='ocrx_word' id='word_1_229' title='bbox 479 2613 600 2692; x_wconf 84' lang='grc' dir='ltr'><strong><em>ζωμδν</em></strong></span> <span class='ocrx_word' id='word_1_230' title='bbox 629 2615 754 2680; x_wconf 88' lang='lat' dir='ltr'><strong>dilucide</strong></span> <span class='ocrx_word' id='word_1_231' title='bbox 782 2616 940 2694; x_wconf 87' lang='lat' dir='ltr'><strong>exhihere,</strong></span> <span class='ocrx_word' id='word_1_232' title='bbox 975 2635 1059 2698; x_wconf 88' lang='lat' dir='ltr'><strong>qnam</strong></span> <span class='ocrx_word' id='word_1_233' title='bbox 1090 2615 1243 2678; x_wconf 86' lang='lat' dir='ltr'><strong>lectionem</strong></span> <span class='ocrx_word' id='word_1_234' title='bbox 1272 2615 1320 2679; x_wconf 91' lang='lat' dir='ltr'><strong>vel</strong></span> 
     </span>
     <span class='ocr_line' id='line_1_28' title="bbox 151 2697 1321 2782; baseline -0.003 -16"><span class='ocrx_word' id='word_1_235' title='bbox 151 2703 161 2766; x_wconf 92' lang='lat' dir='ltr'><strong>i</strong></span> <span class='ocrx_word' id='word_1_236' title='bbox 183 2724 247 2767; x_wconf 88' lang='lat' dir='ltr'><strong>sum</strong></span> <span class='ocrx_word' id='word_1_237' title='bbox 274 2700 346 2765; x_wconf 93' lang='lat' dir='ltr'><strong>illud</strong></span> <span class='ocrx_word' id='word_1_238' title='bbox 367 2701 489 2764; x_wconf 86' lang='lat' dir='ltr'><strong>verbum</strong></span> <span class='ocrx_word' id='word_1_239' title='bbox 511 2699 684 2762; x_wconf 81' lang='grc' dir='ltr'><strong><em>καταπίνειν</em></strong></span> <span class='ocrx_word' id='word_1_240' title='bbox 705 2699 871 2762; x_wconf 82' lang='lat' dir='ltr'><strong>confirmat:</strong></span> <span class='ocrx_word' id='word_1_241' title='bbox 899 2719 1070 2782; x_wconf 89' lang='lat' dir='ltr'><strong>quamquam</strong></span> <span class='ocrx_word' id='word_1_242' title='bbox 1092 2697 1263 2762; x_wconf 86' lang='lat' dir='ltr'><strong>Teleolides</strong></span> <span class='ocrx_word' id='word_1_243' title='bbox 1288 2699 1321 2762; x_wconf 90' lang='lat' dir='ltr'><strong>in</strong></span> 
     </span>
     <span class='ocr_line' id='line_1_29' title="bbox 150 2723 1108 2876; baseline -0.008 -23"><span class='ocrx_word' id='word_1_244' title='bbox 150 2723 417 2876; x_wconf 80' lang='lat' dir='ltr'><strong>Amphictyonihus</strong></span> <span class='ocrx_word' id='word_1_245' title='bbox 440 2783 517 2874; x_wconf 89' lang='lat' dir='ltr'><strong>apud</strong></span> <span class='ocrx_word' id='word_1_246' title='bbox 537 2783 725 2848; x_wconf 88' lang='lat' dir='ltr'><strong>Athenaeum</strong></span> <span class='ocrx_word' id='word_1_247' title='bbox 746 2781 799 2850; x_wconf 78' lang='lat' dir='ltr'><strong>vl.</strong></span> <span class='ocrx_word' id='word_1_248' title='bbox 820 2805 849 2870; x_wconf 92' lang='lat' dir='ltr'><strong>p.</strong></span> <span class='ocrx_word' id='word_1_249' title='bbox 870 2783 934 2848; x_wconf 79' lang='lat'><strong>268</strong></span> <span class='ocrx_word' id='word_1_250' title='bbox 955 2781 996 2871; x_wconf 88' lang='lat' dir='ltr'><strong>D.</strong></span> <span class='ocrx_word' id='word_1_251' title='bbox 1019 2782 1108 2846; x_wconf 83' lang='lat' dir='ltr'><strong>dixit:</strong></span> 
     </span>
     <span class='ocr_line' id='line_1_30' title="bbox 708 2864 1168 2951; baseline -0.007 -20"><span class='ocrx_word' id='word_1_252' title='bbox 708 2869 818 2944; x_wconf 85' lang='grc' dir='ltr'><strong><em>Μᾶζαι</em></strong></span> <span class='ocrx_word' id='word_1_253' title='bbox 840 2865 872 2930; x_wconf 78' lang='grc' dir='ltr'><strong>δ’</strong></span> <span class='ocrx_word' id='word_1_254' title='bbox 893 2864 998 2951; x_wconf 82' lang='grc' dir='ltr'><strong><em>ῶρτοις</em></strong></span> <span class='ocrx_word' id='word_1_255' title='bbox 1019 2866 1168 2948; x_wconf 75' lang='grc' dir='ltr'><strong><em>ἐμάχοντο</em></strong></span> 
     </span>
     <span class='ocr_line' id='line_1_31' title="bbox 234 2947 1257 3036; baseline -0.004 -18"><span class='ocrx_word' id='word_1_256' title='bbox 234 2956 313 3036; x_wconf 80' lang='grc' dir='ltr'><strong><em>Περὶ</em></strong></span> <span class='ocrx_word' id='word_1_257' title='bbox 335 2961 399 3030; x_wconf 78' lang='grc' dir='ltr'><strong><em>τοῖς</em></strong></span> <span class='ocrx_word' id='word_1_258' title='bbox 419 2949 650 3034; x_wconf 66' lang='lat' dir='ltr'><strong>octochordo</strong></span> <span class='ocrx_word' id='word_1_259' title='bbox 672 2947 846 3034; x_wconf 79' lang='grc' dir='ltr'><strong><em>ἀνθρώπων</em></strong></span> <span class='ocrx_word' id='word_1_260' title='bbox 868 2949 1053 3015; x_wconf 77' lang='grc' dir='ltr'><strong><em>ἱκετεύουσαι</em></strong></span> <span class='ocrx_word' id='word_1_261' title='bbox 1075 2950 1257 3014; x_wconf 86' lang='grc' dir='ltr'><strong><em>καταπίνειν.</em></strong></span> 
     </span>
     <span class='ocr_line' id='line_1_32' title="bbox 149 3033 1318 3190; baseline -0.003 -87"><span class='ocrx_word' id='word_1_262' title='bbox 149 3035 401 3190; x_wconf 45' lang='grc' dir='ltr'><strong>ἐζίιιιλλιτράπφζοὲῚ</strong></span> <span class='ocrx_word' id='word_1_263' title='bbox 419 3037 555 3102; x_wconf 88' lang='lat' dir='ltr'><strong>similiter</strong></span> <span class='ocrx_word' id='word_1_264' title='bbox 576 3037 652 3102; x_wconf 84' lang='lat' dir='ltr'><strong>dixit</strong></span> <span class='ocrx_word' id='word_1_265' title='bbox 663 3035 775 3103; x_wconf 88' lang='lat' dir='ltr'><strong>Callias</strong></span> <span class='ocrx_word' id='word_1_266' title='bbox 797 3037 828 3101; x_wconf 89' lang='lat' dir='ltr'><strong>in</strong></span> <span class='ocrx_word' id='word_1_267' title='bbox 842 3035 1028 3126; x_wconf 80' lang='lat' dir='ltr'><strong>Cyclopihns·</strong></span> <span class='ocrx_word' id='word_1_268' title='bbox 1045 3035 1120 3126; x_wconf 90' lang='lat' dir='ltr'><strong>apud</strong></span> <span class='ocrx_word' id='word_1_269' title='bbox 1133 3033 1318 3100; x_wconf 86' lang='lat' dir='ltr'><strong>Athenaeum</strong></span> 
     </span>
     <span class='ocr_line' id='line_1_33' title="bbox 235 3147 1316 3293; baseline -0.005 -21"><span class='ocrx_word' id='word_1_270' title='bbox 235 3147 279 3272; x_wconf 74' lang='grc' dir='ltr'><strong>ΊΡί</strong></span> <span class='ocrx_word' id='word_1_271' title='bbox 296 3208 355 3292; x_wconf 76' lang='grc' dir='ltr'><strong>γὰρ</strong></span> <span class='ocrx_word' id='word_1_272' title='bbox 376 3203 396 3291; x_wconf 76' lang='grc' dir='ltr'><em>ἦ</em></span> <span class='ocrx_word' id='word_1_273' title='bbox 418 3205 556 3293; x_wconf 88' lang='grc' dir='ltr'><strong><em>τρυφερδι</em></strong></span> <span class='ocrx_word' id='word_1_274' title='bbox 576 3209 626 3272; x_wconf 85' lang='grc' dir='ltr'><strong>καλ</strong></span> <span class='ocrx_word' id='word_1_275' title='bbox 654 3200 886 3292; x_wconf 79' lang='grc' dir='ltr'><strong><em>καλλιτράπεζος</em></strong></span> <span class='ocrx_word' id='word_1_276' title='bbox 904 3203 1002 3269; x_wconf 82' lang='grc' dir='ltr'><strong><em>Ἰωνία</em></strong></span> <span class='ocrx_word' id='word_1_277' title='bbox 1022 3201 1081 3290; x_wconf 70' lang='grc' dir='ltr'><strong><em>εἴφ’</em></strong></span> <span class='ocrx_word' id='word_1_278' title='bbox 1111 3199 1157 3266; x_wconf 82' lang='grc' dir='ltr'><strong>δτι</strong></span> <span class='ocrx_word' id='word_1_279' title='bbox 1178 3197 1316 3288; x_wconf 84' lang='grc' dir='ltr'><strong><em>πράσσει.</em></strong></span> 
     </span>
     <span class='ocr_line' id='line_1_34' title="bbox 232 3303 1315 3396; baseline -0.006 -22"><span class='ocrx_word' id='word_1_280' title='bbox 232 3309 282 3374; x_wconf 85' lang='lat' dir='ltr'><strong>Ex</strong></span> <span class='ocrx_word' id='word_1_281' title='bbox 300 3314 489 3392; x_wconf 68' lang='lat' dir='ltr'><strong>Metagenes</strong></span> <span class='ocrx_word' id='word_1_282' title='bbox 511 3308 604 3372; x_wconf 87' lang='lat' dir='ltr'><strong>Auris</strong></span> <span class='ocrx_word' id='word_1_283' title='bbox 626 3308 708 3381; x_wconf 35' lang='lat' dir='ltr'><strong>duos.</strong></span> <span class='ocrx_word' id='word_1_284' title='bbox 721 3315 896 3396; x_wconf 85' lang='lat' dir='ltr'><strong>anapaestos</strong></span> <span class='ocrx_word' id='word_1_285' title='bbox 918 3306 1049 3370; x_wconf 89' lang='lat' dir='ltr'><strong>servavit</strong></span> <span class='ocrx_word' id='word_1_286' title='bbox 1067 3305 1240 3368; x_wconf 89' lang='lat' dir='ltr'><strong>Athenaeus</strong></span> <span class='ocrx_word' id='word_1_287' title='bbox 1260 3303 1315 3367; x_wconf 88' lang='lat' dir='ltr'><strong>IX.</strong></span> 
     </span>
     <span class='ocr_line' id='line_1_35' title="bbox 148 3385 1314 3486; baseline -0.009 -25"><span class='ocrx_word' id='word_1_288' title='bbox 148 3417 177 3486; x_wconf 86' lang='lat' dir='ltr'><strong>p.</strong></span> <span class='ocrx_word' id='word_1_289' title='bbox 198 3395 262 3460; x_wconf 83' lang='grc'><strong>385</strong></span> <span class='ocrx_word' id='word_1_290' title='bbox 284 3391 327 3460; x_wconf 80' lang='lat' dir='ltr'><strong>C:</strong></span> <span class='ocrx_word' id='word_1_291' title='bbox 369 3393 408 3458; x_wconf 82' lang='lat' dir='ltr'><strong>Oi</strong></span> <span class='ocrx_word' id='word_1_292' title='bbox 428 3396 483 3474; x_wconf 75' lang='grc' dir='ltr'><strong>μὲν</strong></span> <span class='ocrx_word' id='word_1_293' title='bbox 504 3385 558 3457; x_wconf 78' lang='grc' dir='ltr'><strong>οὗν</strong></span> <span class='ocrx_word' id='word_1_294' title='bbox 579 3396 685 3458; x_wconf 76' lang='grc' dir='ltr'><strong><em>πολλοὶ</em></strong></span> <span class='ocrx_word' id='word_1_295' title='bbox 706 3391 829 3476; x_wconf 85' lang='grc' dir='ltr'><strong><em>μακρὰν</em></strong></span> <span class='ocrx_word' id='word_1_296' title='bbox 847 3393 965 3474; x_wconf 87' lang='grc' dir='ltr'><strong><em>χαίρειν</em></strong></span> <span class='ocrx_word' id='word_1_297' title='bbox 985 3387 1115 3466; x_wconf 71' lang='grc' dir='ltr'><strong><em>εἰπόντες</em></strong></span> <span class='ocrx_word' id='word_1_298' title='bbox 1136 3387 1220 3474; x_wconf 74' lang='grc' dir='ltr'><strong><em>αὐτῷ</em></strong></span> <span class='ocrx_word' id='word_1_299' title='bbox 1242 3389 1314 3451; x_wconf 74' lang='grc' dir='ltr'><strong><em>ἐδεί-</em></strong></span> 
     </span>
     <span class='ocr_line' id='line_1_36' title="bbox 149 3469 1292 3562; baseline -0.006 -18"><span class='ocrx_word' id='word_1_300' title='bbox 149 3505 251 3556; x_wconf 88' lang='grc' dir='ltr'><strong><em>πνουν,</em></strong></span> <span class='ocrx_word' id='word_1_301' title='bbox 273 3484 328 3542; x_wconf 82' lang='grc' dir='ltr'><strong>τοῦ</strong></span> <span class='ocrx_word' id='word_1_302' title='bbox 350 3475 530 3544; x_wconf 74' lang='grc' dir='ltr'><strong><em>Κυνούλκου</em></strong></span> <span class='ocrx_word' id='word_1_303' title='bbox 552 3476 592 3542; x_wconf 85' lang='grc' dir='ltr'><strong>Ιτδι</strong></span> <span class='ocrx_word' id='word_1_304' title='bbox 614 3479 646 3553; x_wconf 77' lang='grc' dir='ltr'><strong>ἐξ</strong></span> <span class='ocrx_word' id='word_1_305' title='bbox 665 3476 783 3562; x_wconf 73' lang='grc' dir='ltr'><strong><em>Αὐρῶν</em></strong></span> <span class='ocrx_word' id='word_1_306' title='bbox 803 3475 1001 3560; x_wconf 69' lang='grc' dir='ltr'><strong><em>Μεταγένους</em></strong></span> <span class='ocrx_word' id='word_1_307' title='bbox 1021 3469 1292 3560; x_wconf 82' lang='grc' dir='ltr'><strong><em>ἀναφωνήσαντος·</em></strong></span> 
     </span>
     <span class='ocr_line' id='line_1_37' title="bbox 225 3570 1170 3662; baseline -0.01 -16"><span class='ocrx_word' id='word_1_308' title='bbox 225 3578 311 3646; x_wconf 75' lang='grc' dir='ltr'><strong>Ἀλλ’</strong></span> <span class='ocrx_word' id='word_1_309' title='bbox 336 3570 439 3662; x_wconf 75' lang='grc' dir='ltr'><strong><em>ὦγαθὲ</em></strong></span> <span class='ocrx_word' id='word_1_310' title='bbox 460 3580 643 3659; x_wconf 90' lang='grc' dir='ltr'><strong><em>δειπνῶμεν,</em></strong></span> <span class='ocrx_word' id='word_1_311' title='bbox 674 3571 801 3642; x_wconf 75' lang='grc' dir='ltr'><strong><em>κᾶπειτά</em></strong></span> <span class='ocrx_word' id='word_1_312' title='bbox 820 3602 859 3658; x_wconf 89' lang='grc' dir='ltr'><strong>με</strong></span> <span class='ocrx_word' id='word_1_313' title='bbox 880 3573 970 3641; x_wconf 80' lang='grc' dir='ltr'><strong><em>πάντ’</em></strong></span> <span class='ocrx_word' id='word_1_314' title='bbox 996 3572 1140 3659; x_wconf 77' lang='grc' dir='ltr'><strong><em>ίπερῶτα,</em></strong></span> <span class='ocrx_word' id='word_1_315' title='bbox 1166 3651 1170 3658; x_wconf 88' lang='lat'><strong>.</strong></span> 
     </span>
     <span class='ocr_line' id='line_1_38' title="bbox 224 3653 1291 3750; baseline -0.007 -20"><span class='ocrx_word' id='word_1_316' title='bbox 224 3663 314 3730; x_wconf 86' lang='grc' dir='ltr'><strong>Ὅτι</strong></span> <span class='ocrx_word' id='word_1_317' title='bbox 336 3662 373 3726; x_wconf 79' lang='grc' dir='ltr'><strong>δν</strong></span> <span class='ocrx_word' id='word_1_318' title='bbox 392 3659 507 3750; x_wconf 77' lang='grc' dir='ltr'><strong><em>βούλῃ·</em></strong></span> <span class='ocrx_word' id='word_1_319' title='bbox 529 3669 583 3727; x_wconf 86' lang='grc' dir='ltr'><strong>νῦν</strong></span> <span class='ocrx_word' id='word_1_320' title='bbox 602 3662 660 3747; x_wconf 75' lang='grc' dir='ltr'><strong>γὰρ</strong></span> <span class='ocrx_word' id='word_1_321' title='bbox 682 3667 790 3728; x_wconf 84' lang='grc' dir='ltr'><strong><em>πεινῶν</em></strong></span> <span class='ocrx_word' id='word_1_322' title='bbox 812 3665 915 3738; x_wconf 80' lang='grc' dir='ltr'><strong><em>δεινῶς</em></strong></span> <span class='ocrx_word' id='word_1_323' title='bbox 936 3658 1000 3736; x_wconf 83' lang='grc' dir='ltr'><strong><em>πῶς</em></strong></span> <span class='ocrx_word' id='word_1_324' title='bbox 1020 3658 1082 3742; x_wconf 75' lang='grc' dir='ltr'><strong><em>εἰμ’</em></strong></span> <span class='ocrx_word' id='word_1_325' title='bbox 1107 3653 1291 3742; x_wconf 73' lang='grc' dir='ltr'><strong><em>ἐπιλήσμων.</em></strong></span> 
     </span>
     <span class='ocr_line' id='line_1_39' title="bbox 165 3749 1484 3850; baseline -0.008 -19"><span class='ocrx_word' id='word_1_326' title='bbox 165 3768 228 3832; x_wconf 87' lang='lat' dir='ltr'><strong>rior</strong></span> <span class='ocrx_word' id='word_1_327' title='bbox 249 3771 343 3830; x_wconf 88' lang='lat' dir='ltr'><strong>antem</strong></span> <span class='ocrx_word' id='word_1_328' title='bbox 365 3782 469 3828; x_wconf 88' lang='lat' dir='ltr'><strong>versus</strong></span> <span class='ocrx_word' id='word_1_329' title='bbox 499 3783 560 3835; x_wconf 89' lang='lat' dir='ltr'><strong>non</strong></span> <span class='ocrx_word' id='word_1_330' title='bbox 586 3764 705 3850; x_wconf 82' lang='lat' dir='ltr'><strong>integer</strong></span> <span class='ocrx_word' id='word_1_331' title='bbox 731 3770 793 3844; x_wconf 88' lang='lat' dir='ltr'><strong>est,</strong></span> <span class='ocrx_word' id='word_1_332' title='bbox 819 3763 916 3850; x_wconf 87' lang='lat' dir='ltr'><strong>itaque</strong></span> <span class='ocrx_word' id='word_1_333' title='bbox 936 3763 1089 3826; x_wconf 89' lang='lat' dir='ltr'><strong>Porsonus</strong></span> <span class='ocrx_word' id='word_1_334' title='bbox 1111 3757 1183 3822; x_wconf 80' lang='grc' dir='ltr'><strong><em>ἀλλ’</em></strong></span> <span class='ocrx_word' id='word_1_335' title='bbox 1207 3749 1312 3842; x_wconf 75' lang='grc' dir='ltr'><strong><em>ὦγαθὲ</em></strong></span> <span class='ocrx_word' id='word_1_336' title='bbox 1483 3807 1484 3837; x_wconf 57' lang='lat'>3</span> 
     </span>
     <span class='ocr_line' id='line_1_40' title="bbox 147 3789 1483 3937; baseline -0.006 -22"><span class='ocrx_word' id='word_1_337' title='bbox 147 3789 311 3931; x_wconf 78' lang='grc' dir='ltr'><strong><em>δειπνῶμεν</em></strong></span> <span class='ocrx_word' id='word_1_338' title='bbox 332 3853 453 3935; x_wconf 83' lang='grc' dir='ltr'><strong><em>πρῶτον</em></strong></span> <span class='ocrx_word' id='word_1_339' title='bbox 474 3850 532 3913; x_wconf 90' lang='lat' dir='ltr'><strong>scri</strong></span> <span class='ocrx_word' id='word_1_340' title='bbox 554 3849 607 3930; x_wconf 92' lang='lat' dir='ltr'><strong>sit,</strong></span> <span class='ocrx_word' id='word_1_341' title='bbox 629 3869 750 3914; x_wconf 87' lang='lat' dir='ltr'><strong>numero</strong></span> <span class='ocrx_word' id='word_1_342' title='bbox 771 3869 874 3937; x_wconf 91' lang='lat' dir='ltr'><strong>parum</strong></span> <span class='ocrx_word' id='word_1_343' title='bbox 896 3853 993 3936; x_wconf 84' lang='lat' dir='ltr'><strong>grato,</strong></span> <span class='ocrx_word' id='word_1_344' title='bbox 1014 3865 1184 3932; x_wconf 88' lang='lat' dir='ltr'><strong>quamquam</strong></span> <span class='ocrx_word' id='word_1_345' title='bbox 1196 3842 1310 3933; x_wconf 84' lang='lat' dir='ltr'><strong>Sopho·</strong></span> <span class='ocrx_word' id='word_1_346' title='bbox 1372 3929 1374 3934; x_wconf 68' lang='lat'><strong>,</strong></span> <span class='ocrx_word' id='word_1_347' title='bbox 1481 3899 1483 3922; x_wconf 32' lang='lat' dir='ltr'>J</span> 
     </span>
     <span class='ocr_line' id='line_1_41' title="bbox 147 3871 1482 4002; baseline -0.008 0"><span class='ocrx_word' id='word_1_348' title='bbox 147 3937 207 4002; x_wconf 88' lang='lat' dir='ltr'><strong>cles</strong></span> <span class='ocrx_word' id='word_1_349' title='bbox 229 3936 305 4000; x_wconf 91' lang='lat' dir='ltr'><strong>dixit</strong></span> <span class='ocrx_word' id='word_1_350' title='bbox 324 3935 357 3999; x_wconf 90' lang='lat' dir='ltr'><strong>in</strong></span> <span class='ocrx_word' id='word_1_351' title='bbox 377 3933 487 4001; x_wconf 80' lang='lat' dir='ltr'><strong>Inacho</strong></span> <span class='ocrx_word' id='word_1_352' title='bbox 508 3871 562 3998; x_wconf 76' lang='lat' dir='ltr'><strong>Fi.</strong></span> <span class='ocrx_word' id='word_1_353' title='bbox 578 3933 656 3999; x_wconf 78' lang='lat'><strong>²56:</strong></span> <span class='ocrx_word' id='word_1_354' title='bbox 1481 3935 1482 3975; x_wconf 68' lang='lat' dir='ltr'><strong>l</strong></span> 
     </span>
     <span class='ocr_line' id='line_1_42' title="bbox 221 4017 1480 4105; baseline -0.008 -21"><span class='ocrx_word' id='word_1_355' title='bbox 221 4017 320 4102; x_wconf 78' lang='grc' dir='ltr'><strong><em>Ἴναχε</em></strong></span> <span class='ocrx_word' id='word_1_356' title='bbox 340 4023 495 4105; x_wconf 77' lang='grc' dir='ltr'><strong><em>γεννᾶτορ,</em></strong></span> <span class='ocrx_word' id='word_1_357' title='bbox 523 4024 584 4081; x_wconf 85' lang='grc' dir='ltr'><strong><em>παῖ</em></strong></span> <span class='ocrx_word' id='word_1_358' title='bbox 600 4021 728 4102; x_wconf 87' lang='grc' dir='ltr'><strong><em>κρηνῶν.</em></strong></span> <span class='ocrx_word' id='word_1_359' title='bbox 1479 4079 1480 4092; x_wconf 20' lang='lat'>³</span> 
     </span>
     <span class='ocr_line' id='line_1_43' title="bbox 144 4094 1480 4192; baseline -0.01 -21"><span class='ocrx_word' id='word_1_360' title='bbox 144 4104 367 4192; x_wconf 83' lang='lat' dir='ltr'><strong>itaquemahin</strong></span> <span class='ocrx_word' id='word_1_361' title='bbox 400 4101 468 4167; x_wconf 70' lang='grc' dir='ltr'><strong>ἄλλ’</strong></span> <span class='ocrx_word' id='word_1_362' title='bbox 493 4094 518 4166; x_wconf 86' lang='grc' dir='ltr'><em>ὦ</em></span> <span class='ocrx_word' id='word_1_363' title='bbox 539 4102 619 4186; x_wconf 70' lang='grc' dir='ltr'><strong>γαθέ</strong></span> <span class='ocrx_word' id='word_1_364' title='bbox 640 4107 703 4164; x_wconf 81' lang='grc' dir='ltr'><strong>νῦν</strong></span> <span class='ocrx_word' id='word_1_365' title='bbox 724 4101 768 4182; x_wconf 83' lang='grc' dir='ltr'><strong>δὴ</strong></span> <span class='ocrx_word' id='word_1_366' title='bbox 790 4102 955 4180; x_wconf 77' lang='grc' dir='ltr'><strong><em>δειπνῶμεν</em></strong></span> <span class='ocrx_word' id='word_1_367' title='bbox 980 4097 1140 4186; x_wconf 80' lang='lat' dir='ltr'><strong>corrigere.</strong></span> <span class='ocrx_word' id='word_1_368' title='bbox 1182 4096 1308 4166; x_wconf 85' lang='lat' dir='ltr'><strong>Videtur</strong></span> <span class='ocrx_word' id='word_1_369' title='bbox 1353 4117 1355 4123; x_wconf 92' lang='lat'><em>·</em></span> <span class='ocrx_word' id='word_1_370' title='bbox 1478 4095 1480 4185; x_wconf 62' lang='lat' dir='ltr'><strong><em>J</em></strong></span> 
     </span>
     <span class='ocr_line' id='line_1_44' title="bbox 145 4179 1306 4276; baseline -0.012 -19"><span class='ocrx_word' id='word_1_371' title='bbox 145 4198 241 4257; x_wconf 87' lang='lat' dir='ltr'><strong>antem</strong></span> <span class='ocrx_word' id='word_1_372' title='bbox 262 4187 340 4254; x_wconf 86' lang='lat' dir='ltr'><strong>alind</strong></span> <span class='ocrx_word' id='word_1_373' title='bbox 360 4189 558 4276; x_wconf 77' lang='lat' dir='ltr'><strong>fragmentum</strong></span> <span class='ocrx_word' id='word_1_374' title='bbox 579 4186 709 4252; x_wconf 89' lang='lat' dir='ltr'><strong>eiusdem</strong></span> <span class='ocrx_word' id='word_1_375' title='bbox 729 4185 863 4266; x_wconf 83' lang='lat' dir='ltr'><strong>fabulae,</strong></span> <span class='ocrx_word' id='word_1_376' title='bbox 889 4183 965 4270; x_wconf 90' lang='lat' dir='ltr'><strong>quod</strong></span> <span class='ocrx_word' id='word_1_377' title='bbox 985 4184 1096 4272; x_wconf 83' lang='lat' dir='ltr'><strong>legitur</strong></span> <span class='ocrx_word' id='word_1_378' title='bbox 1116 4180 1193 4270; x_wconf 90' lang='lat' dir='ltr'><strong>apud</strong></span> <span class='ocrx_word' id='word_1_379' title='bbox 1212 4179 1306 4248; x_wconf 83' lang='lat' dir='ltr'><strong>Athe-</strong></span> 
     </span>
     <span class='ocr_line' id='line_1_45' title="bbox 145 4260 1305 4362; baseline -0.009 -22"><span class='ocrx_word' id='word_1_380' title='bbox 145 4295 248 4341; x_wconf 82' lang='lat' dir='ltr'><strong>naeum</strong></span> <span class='ocrx_word' id='word_1_381' title='bbox 268 4271 353 4343; x_wconf 83' lang='lat' dir='ltr'><strong>Vlll.</strong></span> <span class='ocrx_word' id='word_1_382' title='bbox 374 4293 403 4362; x_wconf 88' lang='lat' dir='ltr'><strong>p.</strong></span> <span class='ocrx_word' id='word_1_383' title='bbox 418 4274 484 4340; x_wconf 79' lang='lat'><strong>355</strong></span> <span class='ocrx_word' id='word_1_384' title='bbox 497 4272 543 4337; x_wconf 85' lang='lat' dir='ltr'><strong>A:</strong></span> <span class='ocrx_word' id='word_1_385' title='bbox 560 4269 709 4336; x_wconf 78' lang='grc' dir='ltr'><strong><em>Ἐπειπολν</em></strong></span> <span class='ocrx_word' id='word_1_386' title='bbox 729 4269 765 4338; x_wconf 78' lang='grc' dir='ltr'><strong>τὸ</strong></span> <span class='ocrx_word' id='word_1_387' title='bbox 786 4271 820 4336; x_wconf 80' lang='grc' dir='ltr'><strong>ἐκ</strong></span> <span class='ocrx_word' id='word_1_388' title='bbox 841 4266 1071 4352; x_wconf 74' lang='grc' dir='ltr'><strong><em>Μαμμακύθου</em></strong></span> <span class='ocrx_word' id='word_1_389' title='bbox 1087 4260 1305 4353; x_wconf 71' lang='grc' dir='ltr'><strong><em>Ἀρισταγόρου</em></strong></span> 
     </span>
    </p>
   </div>
   <div class='ocr_carea' id='block_1_5' title="bbox 0 0 1504 5048">
    <p class='ocr_par' dir='ltr' id='par_1_7' title="bbox 0 0 1504 5048">
     <span class='ocr_line' id='line_1_46' title="bbox 0 0 1504 5048; baseline 0 8"><span class='ocrx_word' id='word_1_390' title='bbox 0 0 1504 5048; x_wconf 95' lang='lat' dir='ltr'><strong> </strong></span> 
     </span>
    </p>
   </div>
  </div>
 </body>
</html>
