3018 5064
314 292 374 360 os
395 295 538 384 aunan,
561 297 749 380 Conone.
771 303 877 384 aur.
899 306 1044 386 murro.
1224 321 1268 385 so

174 457 240 530 Σῦν
261 460 416 548 Δρλιάσιν
435 489 469 530 τε
491 461 619 554 κούραις

168 543 361 631 Ἀρτέμιδός
381 573 413 614 τε
434 555 513 627 θεᾶς
777 609 780 616 .

171 631 322 720 Χρυσίου
342 630 470 715 άμπυκα
496 632 571 714 τάξα
592 633 618 702 τ’
641 633 814 724 εὐλογήσας

80 717 212 784 Hecuba
233 725 330 798 autern
347 740 408 806 quo
436 720 502 786 lere
524 729 654 812 tempore
676 723 761 790 docta
790 725 845 808 sit,
882 725 940 794 alio
962 725 1027 796 loco
1049 731 1195 820 probabili
1216 759 1264 803 ar-

157 812 227 868 ento
255 803 435 875 ostendetur.
484 803 683 876 Callimachus
710 809 743 873 in
775 809 898 896 Hymuo
931 814 963 878 in
989 815 1099 884 Delum
1133 840 1161 885 v.
1189 822 1262 892 296.

80 826 231 954 ffiaclas
251 910 355 957 omnes
377 890 512 978 virgines
534 891 614 958 illius
635 891 753 960 insulae
775 895 948 1046 appellavit:

160 969 254 1038 Ἤτοι
276 971 431 1056 Δηλιάδες
449 975 521 1056 μίν,
556 974 602 1041 ὅτ’
627 973 738 1062 εὖήχης
757 975 800 1059 ὗμ
818 1005 904 1058 ναιος

158 1055 268 1126 ’Ἠθοα
289 1055 432 1143 κουράων
450 1058 678 1148 μορμάσυεται,
705 1061 797 1147 ἥλικα
814 1065 929 1152 χαίτην

165 1146 367 1229 Παρθονικαί
387 1149 454 1210 κτλ.

80 1229 141 1292 lam
171 1251 245 1294 vero
274 1227 416 1299 Cratinus
443 1253 513 1296 num
540 1230 597 1296 hoc
618 1232 737 1300 nomine
760 1255 796 1334 ap
818 1233 954 1300 ellaverit
975 1235 1055 1324 ipsas
1077 1237 1145 1308 illas
1165 1241 1261 1340 uirgi-

84 1336 133 1378 nes
155 1314 346 1398 sacerdotes,
369 1315 487 1382 dubito:
531 1315 602 1380 mibi
624 1317 739 1401 quidem
761 1255 878 1387 valetur
898 1319 941 1384 ita
961 1323 1179 1410 nuncupavisse
1201 1345 1261 1392 vrr-

87 1399 185 1485 ginum
208 1399 340 1484 morum,
381 1400 411 1464 ui
432 1401 468 1466 ab
490 1399 725 1470 Atheniensibus
747 1401 779 1466 in
800 1403 928 1470 insulam
949 1403 1060 1470 Delum
1081 1407 1260 1492 mittebatur,

85 1491 109 1547 ot
133 1485 196 1552 huc
219 1485 323 1557 refero
351 1485 358 1500 ’
385 1485 423 1552 ud
444 1486 521 1572 qood
543 1493 589 1552 est
610 1486 688 1575 apud
710 1485 940 1560 Grammaticuln
960 1489 1100 1568 Bekkeri
1121 1493 1162 1563 Τ.
1184 1494 1209 1560 l.
1231 1518 1259 1586 p.

85 1571 153 1652 129,
177 1571 213 1643 ll:
264 1571 376 1640 Λείπει
404 1569 437 1634 ll
458 1573 508 1634 καί
531 1571 563 1634 ἓν
584 1565 807 1652 άποτακτικοῖς·
860 1615 861 1620 1

118 1741 129 1802 ²
164 1654 212 1723 Εἴ
227 1679 273 1732 τις
294 1654 326 1724 cl'
349 1651 437 1737 ὑμῶν
456 1651 560 1722 κάλλει
582 1662 749 1746 προκριθῇ.

82 1762 117 1802 κα

163 1825 250 1908 Πρίν
271 1829 416 1907 παροῦσα
439 1817 580 1911 δ’ίδάσκῃ.
1220 1895 1223 1902 ,

81 1911 236 1991 Κρατῖνος
256 1904 420 1990 Δηλιάσιν.
464 1908 555 1976 Certe
582 1911 656 1976 haec
677 1909 715 1976 ad
735 1909 938 1988 Athenienses
961 1913 1075 2014 puellas
1097 1914 1258 1990 referenda

81 2002 163 2058 suut:
212 2015 273 2058 non
303 2002 401 2063 tamen
432 2016 582 2082 repugno,
621 1996 649 2064 si
680 1995 745 2081 quis
772 1993 917 2064 Deliudes
944 1997 1080 2086 vrrgines
1114 1997 1257 2066 Dehacas

81 2079 207 2167 explicet
227 2101 267 2144 ex
288 2079 509 2144 cousuetudine.

161 2161 203 2236 Et
224 2164 262 2228 acl
281 2185 398 2230 sacram
413 2164 494 2230 illam
515 2185 649 2264 pompam
667 2161 809 2264 pleraque
830 2165 1016 2252 fragmenta,
1039 2187 1113 2250 quae
1137 2179 1257 2249 seruata

79 2255 164 2330 sunt,
184 2249 345 2338 pertinent,
366 2249 409 2314 ita
429 2257 462 2312 ut
482 2249 551 2334 qud
571 2250 755 2337 potissumum
777 2251 955 2340 spectaverit
976 2259 1073 2338 poeta,
1096 2251 1257 2328 difficulter

97 2334 172 2410 ossit
191 2334 346 2421 indagari:
366 2335 508 2416 ,arbitror
529 2343 625 2412 autem
645 2335 776 2404 maxime
797 2341 987 2422 conquestum
1009 2358 1077 2402 esse
1100 2335 1254 2407 Cratinum

78 2355 112 2482 le
133 2419 274 2506 neglecta
294 2419 458 2506 religione,
480 2441 565 2504 quam
588 2441 607 2484 a
627 2419 788 2486 maioribus
810 2420 991 2511 acceperint,
1015 2429 1045 2486 et
1066 2421 1102 2487 cle
1118 2422 1255 2505 levitate,

78 2526 133 2590 qua
159 2505 193 2568 in
218 2504 410 2568 restituendis
438 2505 613 2570 ceremoniis
640 2505 802 2590 ritibusque
830 2505 878 2570 usi
905 2505 1031 2570 suerint:
1075 2507 1148 2572 satis
1177 2509 1254 2585 enim

95 2590 230 2678 erspexit
259 2597 348 2677 poeta
374 2597 529 2654 externam
562 2589 678 2674 quidem
705 2589 830 2656 formam
858 2595 888 2654 et
908 2591 992 2675 quasi
1014 2592 1140 2678 speciem
1162 2611 1254 2682 quan„

76 2611 142 2740 lam
170 2673 328 2761 religionis
355 2675 507 2754 revocari,
546 2673 641 2762 ipsam
672 2695 745 2738 vero
773 2674 910 2763 pietatem
937 2675 1168 2776 probitatemque
1195 2679 1254 2742 iam

77 2759 184 2824 clodum
212 2780 252 2822 ex
275 2759 425 2824 hominum
452 2759 559 2832 animis
587 2757 765 2825 excessisse.
813 2759 964 2848 Apollims
987 2768 1082 2824 autem
1105 2783 1254 2826 nomena

76 2844 236 2908 maioribus
264 2851 329 2908 erat
355 2844 541 2914 sanctissime
568 2841 693 2924 cultum,
726 2841 854 2910 maxime
882 2843 1068 2909 anobilibus
1090 2845 1155 2912 istis
1178 2867 1253 2932 gene

76 2929 163 3011 tibus,
186 2947 262 3014 quae
289 2950 328 3002 ex
344 2929 430 2994 Ionia
449 2929 600 3017 profectae
622 2927 655 2992 in
675 2927 777 2992 Attica
798 2927 886 2996 sedes
908 2933 938 2991 et
958 2929 1105 3003 domicilia
1127 2929 1252 2994 colloca-

75 3022 195 3080 verant:
218 3013 287 3077 hinc
296 3009 452 3077 Ἀπόλλων
464 3017 608 3096 πατρῶος
620 3019 679 3076 tam
692 3012 741 3076 diu
755 3033 809 3076 suo
824 3033 895 3075 usus
907 3021 954 3078 est
966 3013 1090 3094 honore,
1104 3035 1189 3098 quam
1202 3015 1252 3080 diu

76 3101 261 3188 optimateset
281 3099 453 3163 auctoritate
474 3105 532 3162 eto
552 3075 619 3160 ibus
640 3097 802 3186 principem
822 3097 855 3162 in
876 3119 910 3164 re
925 3097 1049 3186 publica
1061 3099 1252 3166 obtinuerunt

74 3185 185 3252 locum:
231 3183 285 3248 secl
310 3192 462 3272 postquam
490 3120 651 3248 nobilitatis
683 3182 814 3270 dignitas
836 3189 883 3249 est
903 3183 1066 3264 imminuta,
1088 3191 1118 3248 et
1139 3206 1252 3250 summa

75 3292 173 3338 rerum
196 3290 288 3358 penes
311 3267 504 3334 multitudiuis
526 3267 678 3334 arbitrium
700 3275 775 3350 erat,
796 3267 839 3332 ibi
860 3267 947 3332 etiam
967 3266 1119 3356 Apollinis
1141 3269 1250 3358 religio

75 3356 172 3426 iacere
201 3355 305 3442 coepit.
353 3354 417 3418 Iam
436 3374 507 3418 vero
523 3375 588 3417 cum
602 3352 711 3420 bellum
726 3351 1011 3441 Peloponnesiacum
1033 3359 1062 3418 et
1081 3355 1251 3452 pestilentia

73 3439 252 3512 ,saevissima
272 3439 304 3502 in
324 3437 427 3504 Attica
448 3444 674 3526 grassarentur,
707 3443 769 3502 tum
794 3437 974 3538 optimatium
1002 3444 1035 3502 ut
1061 3439 1177 3504 videtur
1185 3462 1249 3588 Ipo-

76 3527 219 3592 tissimum
248 3545 339 3612 opera
365 3524 507 3590 maiorum
532 3523 606 3587 ritus
628 3529 659 3588 et
679 3543 863 3604 ceremoniae
884 3529 954 3588 sunt
973 3531 1143 3588 renovatae.
1219 3548 1250 3588 e·

77 3610 149 3675 baca
177 3615 275 3674 aumm
301 3609 354 3674 illa
381 3630 467 3674 sacra
492 3609 552 3672 iam
578 3609 640 3673 anti
659 3608 737 3672 uitus
767 3609 803 3672 ab
825 3607 1059 3672 Atheniensibus
1081 3631 1149 3672 esse
1172 3610 1248 3673 cele·

77 3695 157 3760 brata
190 3695 379 3761 subindicant
406 3694 456 3758 vel
482 3700 599 3762 veteres
627 3695 633 3708 '
661 3715 696 3761 ae
724 3692 761 3758 de
787 3691 910 3758 Theseo
933 3699 962 3756 et
988 3691 1025 3756 cle
1047 3693 1180 3759 Abaride
1203 3694 1247 3756 fa·

79 3780 174 3864 bulae„
209 3780 381 3846 documento
407 3799 480 3843 vero
508 3784 555 3844 est
579 3779 669 3844 etiam
690 3777 874 3845 sacerdotum
895 3777 1024 3859 familia,
1061 3778 1247 3856 Δηλιαστοί,

83 3885 157 3949 quam
191 3865 313 3952 respicit
345 3863 541 3930 Philochorus
576 3863 653 3952 apud
684 3861 784 3928 Schol.
812 3861 950 4010 Sophocl.
982 3861 1056 3928 osu.
1084 3859 1190 3928 Colon.
1217 3885 1246 3927 v.

80 3951 175 4018 1047ss
208 3946 319 4014 Ὅταν
341 3949 374 4014 δὲ
395 3957 506 4031 σημεῖα
526 3948 647 4032 γένηται
669 3949 849 4034 παραδεδομ
866 3972 903 4012 να
924 3947 957 4010 ἓν
978 3955 1042 4020 τοῖς
1063 3947 1167 4030 ἱεροῖς,
1194 3944 1247 4010 τά-

77 4061 104 4099 νε
132 4035 355 4100 ἀποστέλλουσι
382 4035 438 4117 τὴν
465 4034 601 4120 θεωρίαν
629 4033 658 4108 οἳ
684 4035 717 4101 ἐκ
748 4038 803 4096 τοῦ
834 4032 952 4116 γίνους,
985 4032 1110 4094 Πυθίαι
1137 4057 1168 4096 τε
1195 4035 1246 4096 καὶ

77 4117 243 4203 Δηλιάδες,
286 4117 418 4205 ὁπότερα
446 4117 482 4184 ἂν
509 4116 633 4206 καθήκῃ
661 4117 783 4194 colrois,
823 4113 893 4182 θάει
922 4117 952 4180 rl'
979 4112 1138 4196 ὃμάντις,
1172 4114 1246 4195 ὅταν

77 4207 127 4286 μίν
153 4205 195 4270 τὰ
224 4209 265 4282 εἰς
296 4205 441 4291 Δελφοὺς
469 4202 613 4288 πόμπιμα
636 4205 758 4290 γίνηται
786 4205 837 4271 καί
859 4202 976 4285 θεωρία
999 4201 1172 4284 πέμπηται,
1214 4205 1246 4267 ἓν

81 4287 170 4378 Οίνάῃ
192 4291 271 4358 καθ’
296 4288 426 4374 ἑκάστην
447 4286 565 4376 ἦμίραν
591 4291 624 4356 ίν
644 4296 688 4378 τῷ
709 4289 844 4376 Πυθίῳ·
877 4289 903 4351 εί
925 4287 957 4350 δὲ
974 4289 1020 4361 ,εἰς
1041 4288 1147 4371 Δῆλον
1168 4285 1246 4352 ἀπο-

78 4377 228 4454 artmano
250 4373 270 4466 ἡ
289 4378 420 4467 θεωρία,
442 4379 522 4456 κατὰ
542 4375 582 4455 ρὰ
604 4374 809 4472 προειρημένα
835 4368 906 4440 θάει
928 4367 1073 4457 iaciatur
1095 4375 1136 4456 gir
1157 4372 1192 4440 rb
1214 4375 1246 4436 ίν
