3096 5062
361 357 422 424 ou
442 354 585 432 usuro.
607 351 794 462 corroso.
814 353 921 425 Anu.
941 357 1088 437 numo.
1238 367 1302 439 κει

7 557 8 562 ’
137 530 246 599 tuenda
266 535 313 595 est
333 519 477 617 germana
496 526 583 592 lectio
601 523 824 612 Zoperrlpa·
846 523 1064 613 άιιροιτεοτέρα.
1085 529 1203 599 lltlicns'
1223 535 1301 602 enim
1413 529 1416 536 ’

6 611 9 666 κ’
136 617 243 702 uliquis
267 622 356 716 poeta
383 614 427 678 sic
453 612 588 692 dixerat,
620 611 722 676 eudem
748 611 863 678 numeri
892 613 1069 679 necessitate
1095 624 1228 702 coactus,
1269 631 1302 686 ut

135 701 278 766 insolenti
297 699 351 764 ille
370 699 468 763 forma
487 701 631 760 uteretur:
653 694 708 760 τὸν
721 693 845 780 εάζορον
865 703 962 761 autem
983 699 1060 786 apud
1070 697 1300 792 Aristophanem

135 786 226 851 focile
250 785 316 850 sine
343 782 526 848 substantivo
548 775 661 865 (οἶνον)Ι
678 779 737 846 dici
763 781 871 869 potnit,
902 783 1134 869 quandoquidem
1160 789 1247 853 etiem
1267 789 1301 854 in

134 870 271 1024 pppulari
300 867 355 1018 ilpa
384 867 551 950 cantilena,
585 881 671 952 'quae
698 863 828 932 Athenis
858 865 891 930 in
922 865 1099 955 Thargeliis
1130 872 1300 956 canebatur,

155 979 183 1021 rc
197 977 243 1021 um
265 975 345 1020 era:

220 1042 286 1104 Kal
308 1034 408 1103 κάλικ’
431 1029 578 1117 εὗζάροο,
599 1031 643 1112 ὡς
662 1027 701 1099 Ιδὶν
720 1030 885 1115 μεθάοιισα
905 1031 1071 1122 καδεάδῃς.

131 1128 196 1195 rid.
217 1147 307 1215 supra
326 1145 356 1213 p.
369 1121 423 1188 41.
443 1121 604 1186 -Porro
624 1119 751 1186 Photlus
771 1119 936 1208 μ254,3;
958 1117 1152 1210 Μελάγχροις
1172 1125 1225 1190 κοιλ
1243 1151 1300 1210 με-

132 1226 283 1316 λάμχρης·
304 1220 465 1311 άμφάτερα
480 1219 618 1288 Ἀττικά·
643 1221 764 1302 μάλλον
784 1221 818 1284 δὲ
839 1220 891 1285 διά
910 1227 967 1286 τοῦ
988 1209 1026 1306 οῖ·
1046 1226 1211 1310 Κρατῖνος.
1231 1247 1300 1296 nam

132 1317 251 1382 videtur
271 1310 444 1414 posterioris
465 1309 579 1374 lormae
599 1313 702 1372 testem
717 1305 872 1372 Cratinum
893 1307 1049 1373 adhihere:
1071 1317 1102 1376 et
1122 1332 1195 1376 sane
1207 1311 1300 1378 Attici

130 1403 316 1486 frequentius
336 1392 518 1479 μελαγχρὴς·
530 1413 615 1482 quem
635 1387 814 1476 μελάγχρως
824 1391 973 1474 dixerunt,
994 1392 1041 1459 Eu
1062 1394 1118 1460 olis
1140 1395 1299 1486 up.Schol.

130 1485 256 1552 Homer.
279 1480 388 1566 Odyss.
409 1479 450 1543 ll.
472 1477 544 1544 157.
577 1477 738 1542 Poliochus
760 1497 808 1564 ap.
829 1474 1015 1544 Athenaeum
1035 1415 1068 1546 ll
1096 1501 1127 1570 p.
1147 1483 1191 1550 to
1210 1479 1256 1548 B:
1273 1527 1275 1530 -

216 1564 346 1650 Μαρὰν
365 1567 521 1646 esterno
540 1563 642 1643 μᾶζαν
662 1560 871 1647 ἠχυρωμένην·
1296 1621 1298 1628 .

131 1659 163 1719 et
181 1651 370 1802 Apppphanes
391 1647 463 1714 ibid.
483 1645 537 1716 lv.
557 1668 588 1735 p.
610 1645 672 1711 161
693 1645 739 1710 A:

258 1732 330 1818 άζης
350 1735 506 1818 μελαγχρῆ
532 1729 644 1816 μερίδα
665 1725 832 1811 λαμβάνων
852 1727 945 1795 λίπει.

129 1821 333 1912 Reperiuntur
353 1825 452 1883 temen
473 1816 561 1882 etiam
587 1816 619 1882 in
643 1812 783 1898 Cratino,
824 1836 899 1914 quae
920 1816 1105 1903 grammatici
1126 1819 1162 1883 ab
1183 1818 1297 1887 Attico·

128 1930 196 1974 rum
222 1928 279 1971 usu
307 1909 338 1970 et
364 1900 575 1967 consuetudine
607 1898 747 1966 recedere
780 1900 977 1982 arhrtrantur,
1021 1901 1079 1967 vid.
1105 1902 1296 1992 Phrynichus

127 1991 269 2060 Bekkeri
289 1988 331 2054 Τ.
352 1987 379 2053 Ι.
398 2008 427 2075 p.
449 1983 845 2068 13,13εἈπινιχίζεσοιι
866 1986 919 2049 καλ
940 1982 1134 2068 immersat
1153 1987 1297 2068 Ἀττικῶς

128 2076 333 2163 διαφέρει-
361 2077 516 2156 Κρατῖνος
544 2067 647 2152 μέντοι
672 2069 709 2134 τά
731 2067 935 2153 άνοχιομένον
961 2069 1009 2134 tal
1030 2075 1088 2137 τοῦ
1106 2075 1296 2158 τετμημένου

127 2161 203 2238 τοὺς
229 2157 339 2241 άνοχας
364 2156 510 2222 τέθεικεν.
558 2153 713 2219 Eiusmodi
739 2161 786 2220 est
819 2155 909 2221 etiam
935 2155 1024 2238 illud,
1068 2157 1145 2307 puod
1169 2159 1296 2227 Photius

128 2245 220 2312 affert
250 2267 280 2334 p.
300 2244 360 2324 9⁰,
380 2245 438 2308 23:
475 2235 687 2326 Θηλάοτριαν·
721 2236 760 2323 ἣν
786 2236 961 2324 θηλάοετοί
983 2263 1044 2317 τις·
1061 2271 1065 2278 ·
1085 2244 1171 2320 δίοις·
1199 2243 1296 2323 οὕτως

127 2333 316 2416 Κρατῖνος.,
348 2324 543 2392 Scribendum
576 2321 786 2407 δηλάζεταλ
819 2346 882 2402 τις·
914 2325 1061 2402 'laude'
1088 2329 1186 2394 media
1216 2332 1294 2396 enim

126 2417 225 2482 forma
245 2415 333 2478 etiam
353 2411 507 2494 usitatior,
535 2431 621 2497 quam
642 2409 737 2474 activa
763 2411 921 2500 praecipue
942 2410 1160 2510 significatione
1180 2415 1295 2480 intran-

127 2502 231 2580 sitiva3
262 2497 372 2564 Ionicis
400 2503 496 2561 autem
522 2496 650 2560 maxime
670 2495 779 2560 usitata
799 2496 852 2560 illa
874 2517 947 2577 vox,
976 2496 1008 2562 ud
1029 2498 1105 2583 quod
1126 2499 1211 2564 docet
1230 2500 1295 2566 He·

127 2608 143 2651 s
166 2585 264 2650 chius:
289 2577 484 2666 Θηλάστρια·
506 2577 638 2664 τροφάς·
661 2577 724 2644 ἴοτι
747 2580 780 2644 δὲ
789 2577 897 2646 Ἰακάν.
919 2583 1083 2665 Σοφοκλῆς
1094 2581 1292 2674 Ἀλεξάνδρῳ.

157 2677 169 2734 1
189 2670 233 2734 sic
252 2669 375 2733 verbum
396 2686 509 2750 quoque
521 2662 666 2746 θηλάζειν
685 2665 868 2754 potissimum
889 2666 925 2730 ah
946 2665 1068 2731 lonihus
1089 2674 1136 2732 est
1155 2669 1294 2755 frequen·
1321 2701 1324 2708 ·

90 2828 93 2836 ,
127 2762 236 2836 11111111,
257 2752 317 2818 vid.
332 2751 477 2816 Photius:
502 2747 667 2830 Θηλάζειν·
690 2749 726 2812 τδ
747 2750 869 2835 τράφειν
888 2754 932 2812 τ’
954 2747 1148 2833 γάλακτι·νοῖ
1168 2751 1292 2839 άρχαΐοι

126 2837 251 2914 πάντες·
273 2838 324 2902 καλ
344 2831 481 2916 μάλιστα
504 2833 532 2898 oi
546 2832 654 2908 Ἴωνες.
677 2832 738 2899 Sed
779 2841 878 2899 raeter
918 2836 1044 2901 ratinum
1066 2842 1096 2900 et
1116 2835 1292 2925 Sophoclem

1 2977 2 2996 .
42 2985 49 2992 .
127 2925 204 2990 dixit
231 2923 317 2988 etiam
344 2919 485 3008 Eupolis,
521 2919 582 2984 vid.
606 2918 718 2983 Pollux
786 2919 811 2984 l.
837 2919 895 2985 50:
940 2919 1007 3002 Τὴν
1032 2919 1067 2985 δὲ
1093 2919 1292 3002 θηλάζονσαν

125 3008 261 3084 Εάνιολις
277 3001 573 3090 τίδηνδηλάοτριαν
584 3002 751 3085 ὠνόμασεν.
773 3003 835 3070 Sed
850 3025 911 3069 non
932 3005 1036 3071 mirum
1057 3013 1104 3071 est
1122 3007 1155 3072 in
1166 3006 1291 3075 Cratino

125 3095 217 3161 molta
245 3115 264 3157 a
287 3089 407 3178 vulgari
437 3089 646 3155 consuetudine
675 3089 845 3155 recedentia
874 3089 1014 3178 reperiri:
1055 3110 1123 3156 nam
1155 3093 1231 3158 sicut
1258 3094 1291 3160 in

125 3177 308 3268 argumentis
329 3175 489 3240 tractandis
511 3196 621 3262 magna
642 3173 764 3240 andacia
784 3185 919 3240 versatus
940 3181 996 3258 est,
1016 3174 1047 3242 id
1068 3177 1145 3264 quod
1165 3178 1289 3246 Persius

125 3285 239 3352 quoque
260 3261 363 3348 Satyr.
383 3259 409 3326 l.
430 3259 493 3327 124
512 3259 637 3325 indicat:

531 3344 647 3410 Audaci
668 3343 831 3430 quicunqne
852 3343 953 3410 adflate
974 3343 1099 3420 Cratino

209 3433 322 3498 Iratum
342 3428 516 3519 Eupolidem
538 3429 719 3531 praegrandi
741 3451 805 3494 cum
827 3450 899 3494 sene
920 3429 1025 3519 palles,

210 3517 342 3607 Adspice
363 3524 393 3579 et
413 3515 501 3596 haec,
523 3536 550 3579 ει
570 3515 647 3580 forte
669 3515 779 3616 alipuid
800 3513 946 3580 decoctius
969 3515 1069 3582 audes.

123 3605 168 3671 ita
188 3603 275 3668 etiam
295 3602 328 3666 in
353 3600 507 3665 verborum
527 3599 631 3664 formis
653 3599 974 3686 significationihnsque
992 3599 1137 3666 movendis
1158 3602 1287 3668 maxima

1 3717 2 3754 ι
124 3689 262 3755 libertate
301 3707 373 3751 usus
408 3691 475 3747 est:
518 3683 560 3748 ito
600 3685 717 3750 videtur
747 3687 875 3766 βαδίζον
907 3685 1040 3768 dixisse,
1082 3685 1143 3750 vid.
1175 3685 1284 3752 Suidas

124 3773 167 3840 T.
188 3773 213 3838 l.
234 3795 263 3862 p.
284 3769 361 3837 419:
392 3765 504 3846 Βάδιζε
531 3771 581 3832 καλ
609 3772 751 3852 βαδίζον,
784 3769 851 3834 άντλ
877 3777 934 3836 τοῦ
958 3769 1072 3853 βάδιζε.
1114 3771 1285 3856 Κρατῖνοςε

123 3858 251 3926 medium
282 3857 360 3922 enim
385 3855 508 3920 uerbum
535 3857 727 3934 βοδΙζεσθαι,
761 3855 810 3940 qni
841 3864 961 3944 praeter
985 3855 1138 3923 Cratinum
1165 3855 1285 3940 dixerit,

123 3941 375 4040 nodi'neminem,
402 3940 464 4012 ¹sed
489 3939 582 4004 futuri
607 3940 703 4005 media
729 3945 842 4004 mutum
866 3941 962 4007 forma
981 3942 1151 4022 βαδιοῦμαι
1175 3941 1233 4006 luit
1251 3943 1285 4008 in

122 4040 200 4094 usn·
230 4027 272 4092 Et
286 4021 430 4100 Ἀδάνιος
455 4025 505 4110 qui
526 4031 594 4090 ante
615 4023 769 4090 Cratinum
791 4025 915 4108 dixerit,
935 4027 1058 4114 ignoro,
1078 4031 1182 4114 postea
1201 4027 1285 4094 multi

124 4108 228 4178 eadelm
261 4111 357 4176 lorma
380 4107 431 4174 ‘usi
462 4117 550 4192 sunt,
592 4109 652 4174 vid.
677 4108 822 4176 Anecdot
848 4109 950 4177 Bekk.
983 4109 1024 4176 T.
1044 4109 1070 4176 l.
1094 4131 1124 4200 p.
1145 4107 1224 4194 346,
1245 4115 1282 4179 1:
1331 4170 1339 4179 .

119 4193 263 4271 Ἀδάνιος
287 4191 478 4282 Φερεκράτης
498 4191 577 4259 εἶπεν
597 4194 664 4258 άντλ
684 4199 740 4258 τοῦ
755 4189 935 4272 Ἀδώνιδος·
956 4194 1031 4279 λάγει
1051 4193 1086 4258 δὲ
1104 4193 1163 4278 τὴν
1182 4200 1283 4263 αἰτια-

122 4281 215 4366 τικὴν
230 4275 389 4346 Ἀδάνιον·
432 4277 515 4344 οὕτω
543 4280 577 4346 δὲ
610 4281 660 4344 καὶ
686 4275 823 4344 Πλάτων
851 4282 902 4344 καὶ
923 4281 1093 4366 Κρατῖνος,
1124 4279 1202 4344 atto
1230 4285 1286 4348 καλ

119 4365 154 4432 ’A
175 4361 342 4452 ιστοφάνης
366 4365 418 4427 καλ
447 4365 558 4450 ἕτεροι·
584 4365 704 4449 λέγουσι
731 4364 765 4428 δὲ
791 4366 842 4429 καὶ
856 4363 984 4430 Ἄδωνιν
1008 4361 1103 4430 αὐτὸν
1124 4363 1280 4442 πολλάκις.

124 4392 242 4519 ridetur
261 4451 339 4518 enim
360 4447 501 4517 Cratinus
522 4451 633 4542 primus
651 4457 772 4543 propter
791 4471 943 4520 nummum
962 4450 1040 4519 hanc
1059 4449 1279 4519 insolentiorem

1220 4549 1227 4580 l
