3096 5062
340 319 564 398 usuum.
585 318 1064 398 consummemus.
1214 319 1278 394 stt

118 511 182 583 pum
204 509 249 558 sm
271 489 456 580 spectabant,
482 489 527 554 ita
546 489 762 578 Aristophanes
783 511 844 554 non
868 490 973 554 inseite
994 489 1107 556 Dicaea
1127 491 1189 560 uliu
1208 493 1281 562 fecit

117 513 273 666 phalhcum
300 596 418 641 mrmen
445 596 569 656 canere,
595 589 713 640 servum
739 574 869 662 phallum
896 583 1028 664 portare,
1056 513 1176 644 filiclam
1198 582 1279 646 euni·

117 669 209 727 strum
229 659 325 744 forre,
346 681 469 725 uxorem
490 660 527 725 de
547 667 623 724 tecto
644 665 787 748 spectare.
829 657 890 724 Sed
910 661 1048 725 videntur
1068 663 1155 729 etiam
1175 673 1280 765 postes

115 747 207 836 prisci
235 746 315 834 illius
342 746 432 810 moris
462 745 591 832 uestigia
616 743 758 836 quaedam
784 745 951 810 comoediae
1001 747 1151 812 erfectiori
1175 751 1279 816 inhae-

115 833 208 912 sisse3
235 831 305 895 inde
326 831 404 894 enim
430 829 620 918 repetendum
640 829 757 893 videtur
777 828 947 895 indecorum
974 767 1047 896 illud
1073 834 1280 922 spectaculum,

134 918 193 982 nod
213 915 425 1004 Aristophanis
446 935 559 1000 quoquo
586 913 726 1000 aequales
750 913 788 978 ad
814 935 828 978 s
849 924 1008 980 ectatorum
1033 917 1126 982 risum
1147 919 1279 984 moiun·

114 935 184 1068 dum
205 1002 375 1090 animosque
396 999 605 1064 exhilarandos
626 999 744 1087 saepius
766 933 909 1064 exhilaro
929 1007 961 1064 et
980 1002 1017 1066 ad
1039 1002 1167 1068 taedium
1187 1025 1279 1088 usque

113 1093 250 1188 repetere
272 1085 422 1164 solebant,
453 1085 529 1170 quod
550 1083 664 1169 quidem
686 1083 904 1172 Aristophanes
925 1087 1279 1177 sapientissimuspoetu,

113 1169 304 1324 ηοιόριέίὶηοο
324 1167 459 1234 instituto
478 1169 590 1235 modice
611 1189 685 1235 usus
701 1169 780 1253 ὀτοί,
799 1169 865 1234 iure
885 1172 1077 1260 reprehendit
1097 1172 1128 1236 iu
1145 1173 1279 1238 Nubibus

112 1276 143 1322 v.
236 1277 244 1318 t
550 1317 553 1324 .

193 1335 250 1413 Ὡς
272 1337 306 1403 δὲ
326 1335 460 1424 σώφρων
481 1338 543 1402 lusi
565 1331 670 1420 φάσει,
692 1335 872 1419 σκίψασθ’·
893 1334 960 1420 ἥτις
979 1344 1087 1426 πρῶτα
1106 1340 1165 1422 μέν

150 1465 152 1473 1
202 1423 301 1488 otta
321 1417 399 1507 ἦλθε
422 1421 588 1506 ῥαψαμίνη
606 1421 746 1487 σκάτινον
766 1423 959 1504 καθειμένον,

192 1507 352 1594 Ἔρυθρον
373 1511 405 1584 ἐξ
426 1505 539 1594 άκρου,
561 1504 660 1590 παχά,
681 1515 744 1582 τοῖς
765 1510 898 1583 παιδίοις
915 1509 959 1571 ‘lu'
982 1499 1003 1593 ᾖ
1023 1508 1127 1592 γίλως.

110 1593 144 1660 iu
157 1595 261 1680 quibus
276 1595 409 1659 versibus
422 1591 642 1679 Sannyrionem
662 1593 844 1680 potissimum
865 1593 962 1657 mouri
983 1594 1085 1658 credo:
1108 1615 1280 1682 quamquam

112 1680 191 1744 enim
213 1679 326 1765 antiqui
352 1680 530 1768 interpretes
551 1697 669 1758 omnes,
697 1678 814 1762 quinam
842 1679 969 1742 comicus
995 1675 1207 1767 intelligendus
1229 1682 1279 1763 sit,

111 1783 172 1829 non
193 1765 386 1854 prodiderunt
407 1763 582 1844 memoriae,
611 1761 674 1825 veri
694 1769 792 1826 minen
813 1761 992 1826 simillimum
1014 1771 1076 1845 est,
1102 1763 1280 1853 Aristopha-

111 1871 179 1913 nem
201 1857 310 1914 certum
332 1848 476 1934 quandam
497 1856 612 1936 poetam
632 1847 810 1910 vexavisse:
840 1846 922 1910 solus
944 1845 1112 1912 Scholiasta
1132 1847 1280 1915 Brunckii

110 1934 186 1998 haec
212 1933 383 2025 adscripsit:
429 1935 533 1994 Τοῦτο
562 1932 639 2014 φησί
666 1929 717 1992 διὰ
743 1929 798 1994 τὸν
810 1927 985 2014 Ἕρμιππον
1010 1934 1061 1994 καί
1090 1931 1145 1997 τὸν
1163 1933 1279 2017 Σιμίρ·

109 2043 200 2100 μωνα
227 2018 281 2082 τὸν
307 2015 421 2082 τούτου
440 2011 624 2096 inexpertis,
649 2035 751 2079 verum
779 2035 882 2080 errore
910 2016 984 2082 haee
1010 2023 1080 2106 pult)
1106 2017 1164 2083 huc
1183 2019 1279 2084 reluta

9 2125 11 2174 2
110 2123 197 2186 esse,
217 2123 281 2166 cum
303 2101 471 2191 pertineant
490 2099 647 2164 manifesto
670 2099 707 2164 ad
728 2119 758 2165 u.
778 2100 857 2165 537:

199 2186 282 2250 Οὐδὲ
303 2181 474 2271 πρεσβύτης
496 2181 512 2247 ὅ
534 2183 628 2266 λέγων
649 2181 731 2266 τάιτη
753 2189 791 2269 τῇ
812 2184 967 2274 βακτηρίᾳ

197 2268 312 2335 Talares
333 2271 388 2335 τὸν
408 2264 537 2353 παρόντ’
561 2267 716 2354 ἀφανίζων
737 2269 857 2350 πονηρά
877 2268 1061 2351 σκώμματα.

108 2357 151 2422 ibi
178 2357 256 2422 euim
284 2353 476 2453 Hermippum
504 2354 589 2440 mugi
616 2353 730 2439 quidam
759 2355 981 2436 existimarunt,
1013 2356 1074 2420 uid.
1096 2354 1198 2422 Schol.
1224 2357 1278 2424 sed

109 2441 148 2506 de
168 2439 216 2505 his
237 2441 373 2504 versibus
395 2441 508 2503 ducetur
527 2439 617 2502 iulra.
649 2437 711 2502 Hic
730 2459 802 2502 vero
824 2436 1045 2527 Sannyrionem
1066 2441 1158 2506 rideri
1179 2443 1280 2525 credo,

108 2545 194 2674 pperu
216 2526 317 2590 eodem
339 2521 458 2590 nomine
478 2523 655 2669 perstriupit
675 2521 796 2588 Strattis
817 2524 893 2612 apud
914 2523 1027 2590 Athen
1047 2525 1101 2591 xl.
1113 2547 1151 2614 p.
1165 2529 1228 2594 ⁵⁵1
1241 2527 1277 2596 C.

145 2613 189 2696 ιρί
212 2611 246 2673 δὲ
265 2615 321 2674 τοῦ
343 2609 552 2693 Σαννυρίωνος
573 2631 612 2670 κο
646 2606 798 2691 Στράττις
817 2608 849 2672 ίν
874 2611 1054 2691 Ψυχασταῖς
1074 2631 1166 2696 φησ·

194 2695 406 2778 Σαννυρίωνος
430 2693 572 2773 σκυτίνην
592 2692 778 2772 ἐπικουρίαν.

109 2799 204 2865 neque
232 2780 310 2844 eninr
338 2773 459 2842 Strattis
487 2775 687 2862 §emptionis
715 2776 876 2839 exilitatem
903 2777 986 2856 risit,
1028 2777 1059 2842 id
1085 2777 1161 2877 quod
1187 2779 1277 2845 lacilc

109 2865 175 2950 quis
197 2885 236 2928 ex
257 2859 406 2928 Athenaei
426 2861 527 2926 uerbis
549 2860 699 2941 coniiciat,
721 2860 775 2925 sed
795 2868 829 2924 ut
848 2861 919 2924 mihi
940 2861 1055 2946 quidem
1079 2863 1204 2944 videtur,
1225 2865 1278 2929 ub·

110 2969 228 3013 suenum
250 2948 322 3011 illud
345 2945 556 3036 spectaculum,
577 2965 634 3030 quo
653 2945 774 3010 inventu
795 2966 867 3009 usus
890 2943 1042 3033 Sannyriu
1063 2946 1131 3028 ille,
1154 2949 1202 3033 qui
1223 2950 1279 3014 lui·
1389 3005 1391 3010 .

110 3034 190 3120 gidis
211 3033 285 3097 iocis
306 3032 409 3096 ludere
430 3031 535 3094 solitus
556 3037 635 3110 erat,
661 3031 753 3095 risum
775 3030 973 3118 spectantibus
996 3039 1134 3097 excutere
1156 3034 1278 3116 studuit,

109 3125 143 3182 ut
168 3115 315 3198 fabulam,
343 3137 417 3201 quae
445 3115 554 3200 alioqui
580 3114 750 3198 cecidisset,
797 3115 883 3203 opulu
929 3117 1061 3181 ruberet:
1090 3117 1164 3182 illud
1184 3119 1278 3208 igitur

108 3197 393 3268 inventumStrattis
415 3219 475 3264 non
496 3201 602 3300 inscite
623 3201 765 3301 σκυτίνην
776 3137 955 3300 ίηικοορίάν
967 3201 1093 3297 uocauit,
1115 3203 1277 3302 quodcum
1341 3215 1346 3224 '

110 3286 247 3352 audirent
267 3293 463 3374 specuttores,
497 3303 652 3369 unucuique
678 3291 776 3350 statum
797 3306 829 3349 tn
851 3293 977 3350 mentem
997 3307 1133 3352 revocari
1152 3310 1277 3354 necesse

109 3379 175 3436 erat
186 3371 372 3460 proverbium
391 3370 464 3434 satis
480 3389 532 3434 ore
550 3369 633 3456 uulgi
653 3370 763 3451 tritum,
785 3371 890 3451 συκίνη
909 3371 1076 3454 ἐπικουρία,
1098 3393 1155 3458 quo
1167 3371 1277 3439 Graeci

108 3456 208 3522 debile
235 3461 267 3520 et
290 3457 438 3520 infirmum
466 3454 606 3519 auxilium
633 3455 858 3542 significabant:
888 3477 1059 3541 quamquam
1080 3457 1147 3522 fieri
1173 3460 1276 3546 potuit,

108 3549 144 3606 ut
174 3541 300 3605 comicus
326 3540 414 3604 simul
439 3540 566 3620 hominis
599 3540 792 3627 gracilitatem
821 3539 1060 3605 subindicaverit.
1102 3541 1276 3608 Athenaeus

108 3643 184 3692 veru
204 3625 280 3690 nihil
300 3623 380 3690 alind
407 3623 463 3688 hoc
489 3623 623 3711 exemplo
650 3624 740 3688 allato
759 3622 876 3688 videtur
896 3625 1022 3714 probare
1042 3625 1188 3708 voluisse,
1216 3627 1276 3692 nisi

109 3710 183 3794 hoe,
211 3711 298 3776 etiem
320 3732 338 3774 a
359 3707 502 3774 Strattide
524 3707 743 3794 Sanuyrionem
768 3717 906 3774 uexatum
933 3731 1017 3775 esse:
1044 3717 1160 3800 poterat
1179 3720 1276 3776 autem

109 3795 172 3860 alio
185 3793 249 3859 locu
265 3795 396 3860 eiusdem
410 3793 580 3875 cemiciuti,
602 3795 650 3880 qui
662 3793 754 3883 ipsius
756 3795 917 3941 proposito
937 3795 1179 3860 accommodatior
1200 3808 1275 3877 erat,

109 3879 171 3945 uid.
191 3879 303 3946 Pollux
328 3879 369 3945 X.
391 3879 467 3944 189:
492 3875 589 3942 Ὅθεν
617 3880 669 3942 καί
690 3881 754 3963 Στρ
777 3903 841 3954 ττις
866 3880 898 3942 ίν
916 3880 1052 3968 Κινησίᾳ
1080 3878 1135 3943 τὸν
1155 3881 1275 3944 Σαννυ-

110 3966 206 4046 ρίωνα
226 3962 281 4028 dud
304 3963 360 4048 τὴν
377 3961 543 4046 ἰσχνότητα
569 3958 721 4044 κάνναβον
741 3967 834 4028 καλεῖ.
879 3963 1097 4051 Saunyriuhem
1120 3969 1216 4029 autem
1238 3967 1274 4032 ab

109 4048 313 4138 Aristophane
345 4055 474 4114 notatum
506 4069 576 4114 esse
606 4048 724 4112 minime
760 4047 900 4114 abhorret
929 4071 948 4114 s
976 4049 1041 4113 veri
1074 4047 1277 4133 similitudine,

129 4133 342 4220 nandoquidem
375 4129 462 4199 etiam
493 4133 546 4198 ille
578 4131 808 4221 Aristophanem
840 4133 987 4222 attigerit,
1031 4131 1090 4197 vid.
1117 4131 1276 4202 Scholiast.

108 4155 248 4286 l‘latonls
269 4218 399 4307 Apolog.
419 4239 448 4307 p.
461 4219 523 4286 ³31
546 4217 593 4282 ed.
605 4213 745 4282 bekker:
766 4219 944 4303 Σαννυρίων
964 4219 997 4282 ἐν
1017 4219 1047 4280 Γ
1045 4216 1131 4294 Ausus
1153 4217 1275 4305 τετράδι

110 4301 207 4368 αὐτὸν
228 4297 457 4402 (Ἀριστοφάνη)
479 4303 558 4390 φησί
583 4303 734 4388 γενέσθαι.
765 4295 936 4388 quamquam
963 4301 1037 4366 haee
1063 4302 1131 4366 uolo
1158 4305 1275 4370 ineam

109 4395 225 4477 partem
250 4388 460 4478 interpretum,
482 4408 518 4454 ee
540 4387 572 4453 si
598 4387 674 4469 alter
701 4387 824 4460 uarum
852 4387 998 4454 uindictae
1029 4408 1118 4452 causa
1146 4387 1276 4454 laeserit
