3000 5048
312 327 372 396 os
393 325 536 402 annuo.
558 323 1038 404 concamaratione.
1127 309 1130 316 '
1191 327 1256 395 ια

79 500 114 561 et
137 495 249 562 ihiolem
269 515 299 560 u.
321 492 405 561 1043
426 493 463 560 tle
485 515 518 558 se
540 493 624 560 dicit:

176 574 302 644 Τοιόνδ’
326 576 464 664 εὑρόντες
483 579 675 658 ἀλεξίκακον,
701 583 757 660 τῆς
774 575 880 663 χώρας
899 579 991 660 τῆσδε
1012 577 1173 662 καθαρτδν

175 664 313 750 Πίρνσιν
334 663 563 750 καταπροόδοτε
591 657 783 738 καινοτάταις
804 662 959 749 σπείραντ’
983 661 1078 726 αὐτόν
1099 663 1256 741 διανοίαις.

79 773 115 830 et
137 766 174 830 in
194 765 274 830 Pace
295 786 326 831 v,
346 765 428 831 736:
1248 839 1251 846 ,

175 851 215 913 El
235 847 267 914 δ’
293 841 347 914 οδν
368 845 446 924 ελκός
465 871 534 911 τινα
554 851 694 930 τιμῆσαι,
716 842 851 932 θνγάτερ
873 845 971 926 Διός,
993 845 1077 924 όστις
1096 845 1221 932 ἀριστος

175 931 506 1022 Κωμῳδοδιδάσκαλος
526 929 700 1017 ἀνθρώπων
721 935 771 995 καὶ
793 930 981 1008 κλεινότατος
1001 933 1163 1016 γεγένηται,

168 1015 283 1095 ’Ἁξιος
309 1015 385 1083 είναί
411 1017 488 1104 φησ’
512 1017 649 1100 εὐλογίας
674 1015 805 1101 μεγάλης
828 1015 844 1082 δ
870 1015 1053 1094 διδάσκαλος
1079 1016 1175 1101 ἡμῶν.

79 1127 128 1194 Et
151 1133 331 1216 quantopere
353 1127 455 1192 comici
480 1134 583 1214 poetae
605 1125 684 1190 soliti
705 1126 817 1190 fuerint
837 1128 869 1191 in
890 1149 948 1192 ana
968 1127 1058 1192 aestis
1080 1149 1114 1192 se
1133 1149 1259 1212 suasque

79 1213 216 1278 virtutes
237 1211 407 1301 praedicare
428 1233 489 1276 non
507 1232 564 1276 uno
585 1210 650 1274 loco
667 1210 884 1300 Aristophanes
905 1149 1024 1290 inlicat,
1047 1219 1079 1276 ut
1098 1214 1130 1276 iu
1144 1211 1260 1277 Achar-

80 1298 235 1368 mensibus
255 1318 285 1360 v.
306 1297 390 1362 628:

173 1381 225 1456 Ἐξ
248 1370 285 1444 οὗ
304 1405 337 1464 γε
356 1387 493 1464 χοροῖσιν
514 1376 677 1463 ἐφέστηκεν
697 1388 849 1462 τρνγικοίς
871 1375 887 1444 ό
910 1377 1095 1455 διδάσκαλος
1114 1375 1211 1461 ἡμῶν,

182 1462 278 1530 olna
299 1465 419 1547 παρέβη
442 1463 519 1546 πρός
539 1461 575 1527 τό
596 1463 731 1546 θέατρον
752 1463 858 1543 λίξων,
886 1461 928 1540 ὡς
949 1462 1046 1541 δίξιός
1066 1465 1157 1529 ἐστιν.
1193 1495 1204 1508 ··

84 1558 118 1615 et
141 1550 261 1640 planius
283 1549 370 1614 etiam
391 1550 423 1614 in
443 1547 524 1612 Pace
545 1568 574 1611 v.
596 1544 680 1611 734:

175 1638 216 1700 X
232 1640 270 1716 ῆν
289 1633 345 1716 μὲν
364 1629 486 1696 κόπτειν
506 1629 579 1706 τοδς
599 1626 805 1713 ῥαβδούχους,
828 1629 860 1694 εί
873 1654 920 1707 τις
940 1631 1199 1718 κωμῳδοποιητὴς

178 1718 287 1784 Αντδν
313 1713 412 1802 ἐπῄνει
433 1715 511 1800 πρὸς
529 1714 566 1778 τὸ
587 1715 721 1800 θέατρον
741 1713 887 1801 παραβάς
915 1718 947 1781 δν
968 1725 1032 1792 τοῖς
1053 1717 1261 1792 ἀναπαίστοις.

86 1828 152 1896 Est
173 1835 269 1892 autem
285 1825 373 1889 Theo
394 1823 472 1911 ompi
492 1823 544 1888 ille
565 1823 690 1888 creticus
710 1824 823 1912 pariter
842 1832 928 1910 atque
948 1825 1103 1914 Eupolidis
1123 1825 1263 1892 versiculi

86 1935 132 1982 ex
155 1910 308 2000 paschasi,
335 1846 393 1974 vel
411 1909 507 1996 potius
530 1929 569 1972 ex
597 1907 686 1972 simili
707 1908 831 1994 quodam
858 1911 987 1974 carmine
1008 1911 1131 1997 petitus:
1167 1909 1264 1976 solent

87 1998 174 2062 enim
197 1994 299 2060 comici
324 2001 444 2082 poetae,
487 1993 537 2056 ubi
564 1994 640 2058 actio
668 1991 734 2080 ipsa
763 1993 914 2081 paulisper
941 1997 1076 2060 consistit
1095 2000 1145 2060 aut
1165 2017 1263 2062 coram

87 2080 295 2170 spectantibus
322 2077 450 2163 transigi
477 2077 595 2162 nequit,
627 2096 734 2142 novam
782 2081 845 2143 uasi
873 2081 1048 2166 paschasio,
1081 2086 1263 2144 constantem

88 2187 134 2232 ex
173 2163 316 2251 stropha,
356 2161 574 2250 epicrhemate,
618 2097 823 2251 antistropha,
866 2164 1135 2252 antepirrhemate‚
1170 2164 1264 2230 inter·

88 2270 217 2340 ponere.
260 2246 347 2311 Hanc
374 2246 452 2309 enim
474 2253 590 2392 partem
621 2247 721 2312 eodem
749 2248 868 2311 nomine
917 2269 952 2312 uo
999 2249 1155 2329 arahasin,
1190 2269 1265 2334 quae

88 2329 561 2482 ⁹3⁰P1hifibi⁰⁰ltuissllpsshsstoil¹
582 2330 820 2478 [3¹¹l⁸⁸⁰„²¹llss³,¹'⁰l
840 2351 879 2396 ex
897 2269 1068 2480 heheliapta
1087 2330 1265 2480 Arisltoplpa·

90 2437 529 2583 1ἀάἀνετιοάγόενδΑριστοφιάνει
550 2440 623 2575 ionii
640 2440 870 2594 ιτίάίιςτεἴςξωλτίάιά
890 2441 1019 2586 livill:
1032 2441 1265 2566 οτνεάεηάτνάίάτά

92 2582 334 2674 παράβασιν·
363 2584 439 2667 φησί
461 2581 508 2660 δέ·

503 2661 670 2740 Κάκείνονς
690 2665 762 2742 τοδς
778 2663 901 2744 Ἱππίας

183 2749 374 2832 Συνεποίησα
395 2751 439 2834 τῷ
462 2753 612 2837 φαλακρῷ
634 2747 734 2838 τούτῳ
761 2748 998 2836 κάδωρησάμην.

94 2855 271 2920 Extremam
298 2849 457 2939 parabasin
483 2851 690 2938 grammaticus
716 2849 768 2916 illo
789 2851 859 2916 dicit
885 2853 1003 2920 fabulae
1044 2857 1137 2918 arlcm
1157 2847 1266 2917 iudea

95 2962 126 3004 v.
151 2939 236 3003 ¹263
264 2955 357 3022 usque
385 2935 422 3000 ad
449 2957 477 3000 v.
500 2935 599 3016 1315,
634 2936 684 3000 uhi
712 2936 771 3000 vid.
793 2934 970 3004 Scholiasta.
1013 2875 1139 3004 lansec
1171 2947 1266 3002 autem

95 3024 162 3089 illic
189 3019 356 3110 epirrhema
389 3025 418 3083 et
451 3019 669 3106 antepirrhema
697 3041 736 3086 ex
767 3021 923 3088 trochaicis
957 3023 1149 3100 tetrametris3
1191 3021 1265 3086 alias

97 3115 198 3174 autem
229 3125 282 3194 pro
315 3104 363 3168 his
393 3104 495 3168 comici
531 3112 635 3192 poetae
668 3105 790 3170 creticos
821 3113 1005 3173 tetrametros
1035 3114 1265 3194 usurpaverunt,

99 3194 178 3260 sicut
206 3197 252 3254 est
277 3189 310 3252 in
336 3188 465 3252 secunda
491 3187 629 3277 parabasi
649 3188 814 3278 Vesparum
833 3211 863 3256 v.
885 3192 1105 3258 1275-1283
1131 3190 1267 3257 et1284

98 3273 243 3342 -129t
284 3273 321 3336 In
342 3271 458 3338 Avibus
486 3280 598 3354 auum,
626 3273 676 3338 uhi
703 3275 797 3340 altera
821 3275 880 3340 ista
904 3277 1056 3363 parabasis
1077 3273 1179 3364 incipit
1199 3297 1217 3340 a
1238 3297 1265 3340 v.

100 3358 377 3447 susceptrices
409 3365 438 3422 et
465 3355 681 3446 autepirrhema
709 3381 812 3424 rursus
839 3382 878 3424 ex
902 3361 1058 3426 trochaicis
1091 3360 1266 3426 tetrametris

101 3445 263 3534 composito
282 3449 360 3506 sunt.
401 3441 442 3506 Et
468 3464 506 3506 ex
533 3442 676 3508 eiusmodi
700 3444 838 3531 parabasi
863 3445 992 3510 fortasse
1013 3447 1101 3512 etiam
1120 3443 1174 3510 Fr.
1194 3441 1267 3511 xlv

101 3527 477 3616 Thesmophoriaausarum
498 3528 692 3615 posteriorum
704 3529 884 3617 clepromtum
905 3537 966 3596 est:

180 3607 229 3678 Ἦ
244 3611 323 3695 μίγα
343 3635 372 3674 τι
391 3611 496 3695 βρῶμ’
521 3608 642 3695 ίστινῆ
670 3611 1021 3699 τρυγῳδοποιομουσική,

184 3691 292 3760 Ἡνίκα
313 3691 455 3778 Κράτντί
473 3721 505 3760 τε
530 3695 653 3780 τάριχος
679 3694 871 3784 ἐλεφάντινον
968 3733 971 3739 ’

188 3778 349 3865 Λαμπρδν
369 3743 502 3861 ἐκόμιζεν
523 3780 642 3854 ἀπόνως
663 3783 944 3869 παραβεβλημένον,

182 3863 292 3930 ”Aaou
313 3889 345 3929 τε
365 3864 485 3930 τοιοῦδ’
511 3866 597 3952 ίτερα
617 3866 703 3952 μειρί1
727 3869 895 3949 ἐκιχλίζετο.

106 3950 219 4016 Eodem
240 3950 368 4039 pertinet
386 3948 440 4015 Fr.
450 3949 520 4032 XV,
542 3951 588 4017 cui
604 3951 844 4040 praemittendum
866 3959 934 4040 puto
955 3948 1009 4013 Fr.
1029 3943 1132 4011 lucent.
1144 3940 1265 4024 DLXI3

106 4036 261 4102 perimine
283 4037 359 4098 enim
381 4033 564 4102 Fritcschius
591 4037 623 4100 in
644 4037 789 4103 dissertat.
819 4038 856 4102 de
877 4031 1094 4122 Thesmophor.
1114 4029 1155 4095 11.
1175 4053 1203 4119 p.
1225 4029 1268 4095 75

107 4121 219 4186 monnit
238 4119 294 4183 hoc
314 4119 512 4206 fragmentum
533 4121 571 4186 ad
591 4123 668 4186 hanc
688 4123 817 4192 lahulam
838 4130 868 4187 ct
888 4120 1016 4186 adhunc
1035 4119 1129 4206 ipsam
1150 4133 1267 4180 scenam

109 4226 176 4270 csse
196 4203 399 4270 referendum:

187 4283 324 4368 Ῥάμειτά
344 4311 377 4350 τε
397 4286 507 4370 κομψά
527 4290 578 4354 καί
603 4289 717 4371 παίγνί
740 4284 948 4366 ἔπιδεικνόναι,
980 4313 983 4320 ·

193 4369 293 4437 Πάντ’
318 4369 375 4436 ἀπ’
399 4372 595 4460 ἀκροφνσιῶν
622 4371 701 4440 aaut
727 4370 968 4457 κιναβενμότων·

1027 4472 1070 4536 27
