3004 5048
308 341 368 412 Dll
388 341 532 420 RELIQ·
554 337 741 412 COMOED.
761 339 868 410 ATT.
889 341 1035 416 ANTIQ.
1187 345 1252 414 367

82 513 213 582 fabulam
235 533 406 579 revocarem
428 511 570 578 adductus
597 529 661 577 sum
682 511 748 600 ipso
769 509 937 576 comoediae
957 511 1093 596 nomine,
1114 513 1253 582 tibiarum

83 602 162 666 enim
191 621 281 664 rauco
309 599 432 686 strepitu
459 599 653 662 comissantes
677 598 722 662 uti
747 597 897 678 solebant,
927 599 1027 682 itaque
1052 599 1193 666 Pratinas
1220 602 1253 666 in

81 686 313 775 hyporehemate
334 683 411 773 apud
431 679 723 832 Mlpqpnppmffd
744 703 772 770 p.
784 683 848 748 617
870 681 910 746 D.
933 683 1022 748 dixit:

601 793 640 831 αυ
661 791 695 842 ος

159 852 309 939 Ὕστερον
326 851 493 938 χορευέτω·
515 855 565 916 καί
587 849 645 938 γάρ
667 849 738 916 ἐσθ’
761 847 925 937 ὑπηρέτας.

165 936 276 1026 Κεόμιρ
296 937 392 1021 μόνον
411 934 609 1022 θυραμάχοις
628 961 661 1002 τε
682 940 882 1022 πυγμαχίαισι
903 938 978 1002 νέων
994 938 1078 1003 θέλει
1100 940 1253 1026 παροίνων

157 1022 309 1107 Ἔμμεναι
331 1022 555 1108 στρατηλάτας.

79 1110 119 1175 ol.
128 1110 422 1262 fpnd31lnaoreontem
452 1131 481 1198 p.
503 1108 576 1174 188.
616 1107 719 1194 ltaque
739 1109 965 1174 venustissimus
986 1116 1074 1199 poeta
1095 1109 1254 1198 Theognis

78 1216 108 1261 v.
202 1219 210 1259 ε

163 1283 244 1355 Πῶς
264 1273 337 1361 ἡμῖν
357 1277 497 1362 τέτληκεν
518 1275 574 1341 ἀπ’
597 1275 770 1362 αάλητῆρσς
790 1273 900 1342 ἀείδειν

238 1359 363 1447 Θυμός,·
383 1369 439 1448 γῆς
461 1363 490 1427 δ’
516 1360 608 1447 οδρσς
629 1364 768 1449 φαίνεται
790 1364 822 1438 ἐξ
843 1362 972 1450 ἀγορῆς,

156 1445 206 1514 Ἣ
222 1473 255 1514 τε
276 1448 380 1536 τρέφει
407 1457 569 1534 καρποῖσιν
589 1448 622 1512 έν
643 1449 809 1524 εἰλαπίναις
830 1451 999 1534 φορέοντας

236 1531 399 1621 Ξανδῇσίν
425 1543 456 1598 Ιτε
484 1530 593 1614 κόμαις
625 1533 819 1618 πορφυρέους
847 1532 1025 1620 στεφάνους.

160 1617 255 1684 Ἀλλ’
280 1617 333 1704 άγε
355 1617 393 1700 δὴ
407 1616 520 1682 Σκόδα
541 1626 619 1700 κεῖρε
641 1615 748 1698 κόμην,
771 1613 911 1682 ἀπόπαυε
933 1621 967 1682 δέ
987 1624 1098 1700 κῶμον,

233 1704 351 1770 Πένθει
372 1703 407 1767 δ’
431 1699 530 1788 εὐώδη
548 1707 653 1788 χῶρον
679 1699 899 1784 ἀπολλύμενον.
1143 1719 1148 1730 ·

77 1795 109 1854 et
128 1811 159 1860 v·
184 1789 283 1856 10⁵8:

89 1913 91 1920 ι
157 1873 214 1940 Ἐν
234 1873 265 1936 δ’
288 1871 351 1957 ἥβῃ
373 1866 458 1955 πάρα
478 1871 535 1950 μέν
554 1867 613 1935 cdv
634 1865 756 1952 ὁμήλικι
777 1867 900 1938 κάλλιον
920 1867 1017 1936 εόδειν

230 1955 374 2042 Ἱμερτῶν
395 1954 490 2038 έργων
511 1957 544 2030 έξ
565 1954 636 2039 έρον
657 1955 784 2036 ἱέμενον,
999 1978 1001 1982 ·

152 2038 245 2104 ’Ἐστι
267 2043 300 2105 δέ
321 2036 500 2121 κωμάζοντα
519 2041 590 2122 μετ’
615 2038 790 2124 αάλητῆρος
810 2035 928 2104 ἀείδειν.

68 2129 114 2194 ita
136 2127 222 2191 enim
244 2125 467 2213 corrigendum,
489 2125 579 2213 vulgo
601 2124 687 2206 παρὰ
706 2125 763 2206 μίν
784 2120 961 2208 συνομηλαιι
983 2149 1010 2190 κ.
1033 2122 1137 2191 εόδειν.
1165 2125 1254 2192 Adde

69 2213 143 2278 ibid.
166 2232 197 2274 v.
223 2211 286 2278 933
308 2231 389 2296 seqq,
412 2209 496 2275 1038
517 2231 597 2296 seqq.
628 2209 774 2275 Fortasse
796 2217 892 2274 autom
912 2213 1044 2300 praestat
1064 2211 1232 2298 corrigere:

159 2295 272 2369 Πολὺς
291 2295 328 2358 δέ
347 2293 562 2380 συβαριασμδς
581 2293 724 2378 αὐλητῶν
744 2290 821 2358 τότ’
845 2286 899 2377 ἦν.

69 2381 183 2448 Solent
210 2381 290 2444 enim
313 2380 420 2444 Graeci
446 2380 478 2443 in
499 2379 607 2444 talibus
628 2379 764 2468 inprimis
785 2379 858 2444 locis
879 2380 1001 2445 verbnm
1023 2378 1150 2469 simplex
1169 2403 1257 2446 usur-

68 2487 157 2557 pare,
181 2465 235 2528 ubi
256 2464 336 2529 aiud
356 2465 489 2546 verbum,
511 2465 587 2550 quod
607 2486 671 2529 rem
692 2465 790 2552 magis
810 2466 995 2554 explanaret,
1016 2479 1255 2556 exspectaveras,

69 2553 115 2617 nti
138 2556 187 2617 est
210 2549 288 2638 opud
309 2548 481 2637 Euripidem
502 2550 535 2613 in
556 2549 676 2616 Helena
696 2567 726 2614 v.
749 2551 847 2615 162²:

455 2667 497 2682 -
518 2633 684 2712 Κέλευσμα
706 2631 737 2696 δ’
759 2625 798 2716 ἦν

159 2722 202 2784 Π
219 2713 356 2800 άμνηδεν
372 2713 510 2800 Ἑλένης,
532 2722 594 2781 ποῦ
614 2716 650 2782 τό
675 2717 815 2802 Τρωϊκὸν
835 2718 939 2802 κλέος,·

70 2807 159 2874 etin
181 2743 309 2870 lleouba
335 2823 364 2867 v.
386 2803 466 2869 aasz

159 2888 330 2970 Κέλευσμα
351 2884 384 2950 δ’
407 2878 446 2970 ἦν
472 2883 544 2950 κατ’
568 2882 646 2952 doro
670 2887 788 2972 Τροίας
807 2884 895 2954 τόδ’·
922 2878 949 2953 ὦ

159 2975 283 3049 Παῖδες
299 2967 471 3051 Ἑλλάνων,
492 2967 565 3036 πότε
586 2971 625 3055 δὴ
646 2968 718 3036 πότε
738 2971 796 3037 τάν

156 3056 278 3124 Ἰλιάδα
299 3057 429 3123 σκοπιάν
449 3056 613 3142 πέρσαντες
632 3057 717 3142 ἥξετ’
743 3057 863 3141 οίκουςς

68 3149 181 3234 Neque
211 3143 351 3210 dissimili
376 3163 499 3245 prorsus
526 3143 642 3207 ratione
669 3143 755 3208 latini
784 3146 958 3235 scriptores,
1001 3143 1044 3207 uti
1066 3141 1172 3210 Cicero
1194 3165 1254 3248 pro

70 3233 175 3300 Gallio
205 3230 284 3318 apud
310 3229 447 3314 Aqurlam
478 3228 515 3292 de
549 3228 655 3316 figuris
679 3231 719 3294 2:
762 3229 843 3311 „Fit
868 3229 999 3310 clamor,
1030 3229 1064 3293 iit
1090 3231 1253 3297 convicium

68 3320 252 3396 mulierum,
285 3315 319 3378 fit
355 3313 549 3402 symphoniae
576 3317 713 3379 cantus.“
757 3315 837 3382 Tale
869 3323 965 3381 autem
996 3316 1193 3402 spectaculum
1219 3319 1251 3382 in

66 3403 128 3468 hac
149 3399 260 3468 fabula
279 3399 483 3486 Phrynichum
505 3399 678 3464 exhibuisse
699 3399 852 3465 confirmat
872 3399 923 3464 ille
944 3419 1061 3482 versus,
1084 3421 1169 3486 quem
1180 3401 1253 3466 Pol-

67 3487 125 3553 lux
148 3487 244 3553 affert
263 3483 318 3589 W}
339 3485 397 3552 55:
428 3486 493 3592 Ιξαλ
516 3484 618 3572 ἕτερον
639 3481 810 3564 πειστικόν,
839 3483 881 3561 ὡς
904 3482 1057 3570 Φρύνιχος
1078 3487 1111 3550 έν
1131 3489 1253 3568 Κωμα-

68 3593 577 3743 ΜαιξΕΐάσδέονάάςῖοάερετιῶ
597 3625 627 3719 τι
648 3647 812 3748 πτιστικόν.

67 3745 123 3810 ubi
147 3763 217 3808 cum
239 3738 386 3805 Salmasio
407 3738 572 3804 addendum
593 3745 639 3804 est
659 3741 702 3816 τί,
727 3740 804 3826 quod
825 3738 1033 3826 quodammodo
1054 3737 1255 3804 firmatNico-

67 3828 199 3920 phontis
220 3846 327 3890 versus
349 3847 389 3890 ex
409 3823 671 3909 Χειρογάστορσιν
692 3826 800 3890 ibidem
823 3847 841 3888 a
861 3824 984 3888 Polluce
1005 3823 1189 3912 adscriptus:

157 3908 258 3978 Ἀλλ’
284 3910 332 3972 ἴθι
353 3909 569 3993 προσαύλησον
589 3909 628 3974 σὺ
650 3915 711 3996 nqis
731 3907 861 3989 πτισμόν
881 3933 959 3972 τινα.

69 3999 223 4068 Ueterum
235 3995 337 4062 eodem
348 3996 477 4077 nomine,
500 4015 555 4080 quo
576 3995 848 4083 haecPhrynichia
868 3995 979 4074 fabula,
1002 3993 1089 4058 etiam
1099 3992 1253 4082 Amipsiae

70 4082 233 4149 comoedia
259 4080 316 4143 luit
342 4081 499 4169 inscripta,
542 4101 616 4165 quae
643 4081 729 4146 docta
760 4087 805 4144 est
832 4079 949 4166 Olymp.
969 4076 1052 4144 XCI.
1072 4081 1094 4142 2
1116 4087 1253 4166 praetore

70 4167 232 4246 Chabria,
252 4164 313 4228 vid.
334 4165 512 4252 Argument.
533 4163 688 4253 Aristoph.
708 4165 835 4230 Avium:
853 4161 1023 4246 Ἐδιδάχθη
1044 4163 1092 4226 lai
1105 4165 1252 4247 Χαβρίου

69 4251 126 4318 διὰ
150 4245 394 4331 Καλλιστράτου
420 4252 452 4314 ἐν
477 4247 577 4326 dcun,
605 4247 638 4327 ἀς
664 4243 702 4330 ἦν
723 4246 862 4334 δεότερος
887 4259 951 4326 τοῖς
965 4248 1103 4333 Ὄρνισι,
1130 4255 1252 4334 πρῶτος

60 4335 238 4420 Ἀμειψίας
259 4335 463 4416 Κωμασταῖς,
485 4336 587 4412 τίτας
610 4332 763 4418 Φρύνιχος
783 4330 992 4421 Μονοτρόπῳ.
1014 4355 1117 4400 verum
1137 4334 1250 4400 nullom

67 4439 205 4512 prorsus
226 4419 423 4506 fragmentum
445 4361 562 4485 σκότια
582 4419 732 4487 comoedia
753 4443 772 4486 a
791 4419 940 4508 veteribus
967 4419 1167 4510 grammaticis
1188 4439 1252 4484 ser-
