<?xml version="1.0" encoding="UTF-8"?>
<!DOCTYPE html PUBLIC "-//W3C//DTD XHTML 1.0 Transitional//EN"
    "http://www.w3.org/TR/xhtml1/DTD/xhtml1-transitional.dtd">
<html xmlns="http://www.w3.org/1999/xhtml" xml:lang="en" lang="en">
 <head>
  <title>
</title>
<meta http-equiv="Content-Type" content="text/html;charset=utf-8" />
  <meta name='ocr-system' content='tesseract 3.04.00' />
  <meta name='ocr-capabilities' content='ocr_page ocr_carea ocr_par ocr_line ocrx_word'/>
</head>
<body>
  <div class='ocr_page' id='page_1' title='image "./commentationumd00kggoog_0148.png"; bbox 0 0 3052 5060; ppageno 0'>
   <div class='ocr_carea' id='block_1_1' title="bbox 321 345 1265 430">
    <p class='ocr_par' dir='ltr' id='par_1_1' title="bbox 321 345 1265 430">
     <span class='ocr_line' id='line_1_1' title="bbox 321 345 1265 430; baseline 0.014 -14"><span class='ocrx_word' id='word_1_1' title='bbox 321 348 382 418; x_wconf 82' lang='lat' dir='ltr'><strong>DE</strong></span> <span class='ocrx_word' id='word_1_2' title='bbox 404 349 547 427; x_wconf 74' lang='lat' dir='ltr'><strong>uuum.</strong></span> <span class='ocrx_word' id='word_1_3' title='bbox 568 345 757 418; x_wconf 77' lang='lat' dir='ltr'><strong>COMOED.</strong></span> <span class='ocrx_word' id='word_1_4' title='bbox 778 347 884 420; x_wconf 79' lang='grc' dir='ltr'><strong>ΑΤΤ.</strong></span> <span class='ocrx_word' id='word_1_5' title='bbox 904 348 1051 429; x_wconf 73' lang='lat' dir='ltr'><strong>ANTIQ-</strong></span> <span class='ocrx_word' id='word_1_6' title='bbox 1202 349 1265 430; x_wconf 79' lang='lat' dir='ltr'><strong>ill</strong></span> 
     </span>
    </p>
   </div>
   <div class='ocr_carea' id='block_1_2' title="bbox 11 513 1337 4259">
    <p class='ocr_par' dir='ltr' id='par_1_2' title="bbox 11 513 1264 1712">
     <span class='ocr_line' id='line_1_2' title="bbox 97 513 1263 607; baseline 0.014 -24"><span class='ocrx_word' id='word_1_7' title='bbox 97 520 213 584; x_wconf 85' lang='lat' dir='ltr'><strong>animos</strong></span> <span class='ocrx_word' id='word_1_8' title='bbox 235 523 266 582; x_wconf 90' lang='lat' dir='ltr'><strong>et</strong></span> <span class='ocrx_word' id='word_1_9' title='bbox 286 515 323 582; x_wconf 78' lang='lat' dir='ltr'><strong>ao</strong></span> <span class='ocrx_word' id='word_1_10' title='bbox 343 515 421 584; x_wconf 82' lang='lat' dir='ltr'><strong>mala</strong></span> <span class='ocrx_word' id='word_1_11' title='bbox 440 515 575 582; x_wconf 86' lang='lat' dir='ltr'><strong>facinora</strong></span> <span class='ocrx_word' id='word_1_12' title='bbox 595 513 775 580; x_wconf 85' lang='lat' dir='ltr'><strong>admittenda</strong></span> <span class='ocrx_word' id='word_1_13' title='bbox 793 515 993 607; x_wconf 74' lang='lat' dir='ltr'><strong>inflammari,</strong></span> <span class='ocrx_word' id='word_1_14' title='bbox 1022 525 1084 591; x_wconf 85' lang='lat' dir='ltr'><strong>aeri</strong></span> <span class='ocrx_word' id='word_1_15' title='bbox 1104 531 1263 600; x_wconf 79' lang='lat' dir='ltr'><strong>commotus</strong></span> 
     </span>
     <span class='ocr_line' id='line_1_3' title="bbox 95 599 1263 709; baseline 0.013 -41"><span class='ocrx_word' id='word_1_16' title='bbox 95 602 166 669; x_wconf 86' lang='lat' dir='ltr'><strong>odio</strong></span> <span class='ocrx_word' id='word_1_17' title='bbox 191 603 269 668; x_wconf 88' lang='lat' dir='ltr'><strong>hane</strong></span> <span class='ocrx_word' id='word_1_18' title='bbox 294 608 407 690; x_wconf 86' lang='lat' dir='ltr'><strong>pestem</strong></span> <span class='ocrx_word' id='word_1_19' title='bbox 434 621 469 666; x_wconf 88' lang='lat' dir='ltr'><strong>ae</strong></span> <span class='ocrx_word' id='word_1_20' title='bbox 490 599 653 690; x_wconf 78' lang='lat' dir='ltr'><strong>&#39;perniciem</strong></span> <span class='ocrx_word' id='word_1_21' title='bbox 682 600 843 700; x_wconf 78' lang='lat' dir='ltr'><strong>patriorum</strong></span> <span class='ocrx_word' id='word_1_22' title='bbox 868 623 980 670; x_wconf 88' lang='lat' dir='ltr'><strong>morum</strong></span> <span class='ocrx_word' id='word_1_23' title='bbox 1006 628 1024 671; x_wconf 89' lang='lat' dir='ltr'><strong>a</strong></span> <span class='ocrx_word' id='word_1_24' title='bbox 1048 613 1134 709; x_wconf 71' lang='lat' dir='ltr'><strong>gredi</strong></span> <span class='ocrx_word' id='word_1_25' title='bbox 1154 619 1263 683; x_wconf 89' lang='lat' dir='ltr'><strong>consti-</strong></span> 
     </span>
     <span class='ocr_line' id='line_1_4' title="bbox 11 629 1263 787; baseline 0.013 -35"><span class='ocrx_word' id='word_1_26' title='bbox 11 721 12 764; x_wconf 55' lang='grc' dir='ltr'>ι</span> <span class='ocrx_word' id='word_1_27' title='bbox 94 689 151 753; x_wconf 89' lang='lat' dir='ltr'><strong>tuit</strong></span> <span class='ocrx_word' id='word_1_28' title='bbox 171 687 299 787; x_wconf 74' lang='lat' dir='ltr'><strong>ethanc</strong></span> <span class='ocrx_word' id='word_1_29' title='bbox 319 685 413 786; x_wconf 77' lang='lat' dir='ltr'><strong>ipsam</strong></span> <span class='ocrx_word' id='word_1_30' title='bbox 435 685 582 784; x_wconf 83' lang='lat' dir='ltr'><strong>fabulam,</strong></span> <span class='ocrx_word' id='word_1_31' title='bbox 602 685 639 750; x_wconf 83' lang='lat' dir='ltr'><strong>be</strong></span> <span class='ocrx_word' id='word_1_32' title='bbox 661 703 718 783; x_wconf 79' lang='lat' dir='ltr'><strong>qua</strong></span> <span class='ocrx_word' id='word_1_33' title='bbox 738 693 853 785; x_wconf 62' lang='lat' dir='ltr'><strong>agitur,</strong></span> <span class='ocrx_word' id='word_1_34' title='bbox 873 686 979 786; x_wconf 68' lang='lat' dir='ltr'><strong>locut.</strong></span> <span class='ocrx_word' id='word_1_35' title='bbox 1020 629 1263 768; x_wconf 60' lang='lat' dir='ltr'><strong>laboborantem</strong></span> 
     </span>
     <span class='ocr_line' id='line_1_5' title="bbox 92 774 1264 942; baseline 0.015 -21"><span class='ocrx_word' id='word_1_36' title='bbox 92 774 1119 942; x_wconf 66' lang='grc' dir='ltr'><strong>κιαι,ιιιιιιιιιιιιιιιιιιικιιιτιι</strong></span> <span class='ocrx_word' id='word_1_37' title='bbox 1137 804 1264 938; x_wconf 70' lang='lat' dir='ltr'><strong>asts</strong></span> 
     </span>
     <span class='ocr_line' id='line_1_6' title="bbox 91 936 1262 1040; baseline 0.011 -34"><span class='ocrx_word' id='word_1_38' title='bbox 91 941 236 1028; x_wconf 75' lang='lat' dir='ltr'>quaedam</span> <span class='ocrx_word' id='word_1_39' title='bbox 263 939 392 1027; x_wconf 83' lang='lat' dir='ltr'><strong>vestigia</strong></span> <span class='ocrx_word' id='word_1_40' title='bbox 422 938 610 1028; x_wconf 78' lang='lat' dir='ltr'><strong>reperiuntur</strong></span> <span class='ocrx_word' id='word_1_41' title='bbox 634 958 652 1002; x_wconf 86' lang='lat' dir='ltr'><strong>a</strong></span> <span class='ocrx_word' id='word_1_42' title='bbox 672 937 711 1003; x_wconf 84' lang='lat' dir='ltr'><strong>ud</strong></span> <span class='ocrx_word' id='word_1_43' title='bbox 741 936 937 1006; x_wconf 81' lang='lat' dir='ltr'><strong>Sehohastam</strong></span> <span class='ocrx_word' id='word_1_44' title='bbox 962 942 1121 1040; x_wconf 60' lang='lat' dir='ltr'><strong>Aristoph,</strong></span> <span class='ocrx_word' id='word_1_45' title='bbox 1146 946 1262 1024; x_wconf 83' lang='lat' dir='ltr'><strong>Eecles.</strong></span> 
     </span>
     <span class='ocr_line' id='line_1_7' title="bbox 92 1019 1262 1112; baseline 0.015 -22"><span class='ocrx_word' id='word_1_46' title='bbox 92 1047 121 1092; x_wconf 85' lang='grc' dir='ltr'><strong>ι.</strong></span> <span class='ocrx_word' id='word_1_47' title='bbox 143 1023 240 1108; x_wconf 75' lang='lat' dir='ltr'><strong>toea,</strong></span> <span class='ocrx_word' id='word_1_48' title='bbox 260 1025 311 1089; x_wconf 90' lang='lat' dir='ltr'><strong>ubi</strong></span> <span class='ocrx_word' id='word_1_49' title='bbox 332 1045 397 1088; x_wconf 85' lang='lat' dir='ltr'><strong>eum</strong></span> <span class='ocrx_word' id='word_1_50' title='bbox 418 1023 455 1089; x_wconf 80' lang='lat' dir='ltr'><strong>tle</strong></span> <span class='ocrx_word' id='word_1_51' title='bbox 477 1019 616 1091; x_wconf 82' lang='lat' dir='ltr'><strong>Cannani</strong></span> <span class='ocrx_word' id='word_1_52' title='bbox 656 1029 754 1088; x_wconf 81' lang='lat' dir='ltr'><strong>ecreto</strong></span> <span class='ocrx_word' id='word_1_53' title='bbox 775 1025 898 1112; x_wconf 79' lang='lat' dir='ltr'><strong>egisset,</strong></span> <span class='ocrx_word' id='word_1_54' title='bbox 920 1027 995 1097; x_wconf 83' lang='lat' dir='ltr'><strong>bauo</strong></span> <span class='ocrx_word' id='word_1_55' title='bbox 1014 1035 1086 1098; x_wconf 82' lang='lat' dir='ltr'><strong>satis</strong></span> <span class='ocrx_word' id='word_1_56' title='bbox 1107 1037 1262 1106; x_wconf 79' lang='lat' dir='ltr'><strong>mirasuh—</strong></span> 
     </span>
     <span class='ocr_line' id='line_1_8' title="bbox 89 1105 1261 1214; baseline 0.012 -38"><span class='ocrx_word' id='word_1_57' title='bbox 89 1111 205 1176; x_wconf 80' lang='lat' dir='ltr'><strong>iunxit:</strong></span> <span class='ocrx_word' id='word_1_58' title='bbox 247 1111 315 1174; x_wconf 75' lang='lat' dir='ltr'><strong>Kal</strong></span> <span class='ocrx_word' id='word_1_59' title='bbox 337 1105 355 1174; x_wconf 80' lang='lat' dir='ltr'><strong>h</strong></span> <span class='ocrx_word' id='word_1_60' title='bbox 374 1107 512 1190; x_wconf 84' lang='grc' dir='ltr'><strong><em>Κρατίιο</em></strong></span> <span class='ocrx_word' id='word_1_61' title='bbox 550 1110 585 1172; x_wconf 69' lang='grc' dir='ltr'><strong>ἐκ</strong></span> <span class='ocrx_word' id='word_1_62' title='bbox 602 1115 667 1184; x_wconf 76' lang='grc' dir='ltr'><strong><em>τοῖς</em></strong></span> <span class='ocrx_word' id='word_1_63' title='bbox 688 1109 776 1185; x_wconf 78' lang='grc' dir='ltr'><strong><em>ῐδίοις</em></strong></span> <span class='ocrx_word' id='word_1_64' title='bbox 796 1108 853 1186; x_wconf 75' lang='grc' dir='ltr'><strong>τὰς</strong></span> <span class='ocrx_word' id='word_1_65' title='bbox 873 1113 963 1190; x_wconf 73' lang='grc' dir='ltr'><strong><em>θείας</em></strong></span> <span class='ocrx_word' id='word_1_66' title='bbox 981 1117 1109 1204; x_wconf 64' lang='grc' dir='ltr'><strong><em>μορφᾶς</em></strong></span> <span class='ocrx_word' id='word_1_67' title='bbox 1128 1121 1161 1187; x_wconf 76' lang='lat' dir='ltr'><strong>lv</strong></span> <span class='ocrx_word' id='word_1_68' title='bbox 1181 1123 1261 1214; x_wconf 72' lang='grc' dir='ltr'><strong>ἀργῇ</strong></span> 
     </span>
     <span class='ocr_line' id='line_1_9' title="bbox 91 1191 1259 1285; baseline 0.017 -28"><span class='ocrx_word' id='word_1_69' title='bbox 91 1195 250 1280; x_wconf 65' lang='lat' dir='ltr'><strong>posthoc.</strong></span> <span class='ocrx_word' id='word_1_70' title='bbox 272 1193 438 1281; x_wconf 87' lang='lat' dir='ltr'><strong>quaennllo</strong></span> <span class='ocrx_word' id='word_1_71' title='bbox 458 1212 486 1257; x_wconf 90' lang='lat' dir='ltr'><strong>m</strong></span> <span class='ocrx_word' id='word_1_72' title='bbox 526 1207 545 1258; x_wconf 89' lang='lat' dir='ltr'><strong>u</strong></span> <span class='ocrx_word' id='word_1_73' title='bbox 565 1212 630 1258; x_wconf 87' lang='lat' dir='ltr'><strong>eum</strong></span> <span class='ocrx_word' id='word_1_74' title='bbox 650 1191 689 1256; x_wconf 88' lang='lat' dir='ltr'><strong>iis</strong></span> <span class='ocrx_word' id='word_1_75' title='bbox 701 1213 775 1278; x_wconf 82' lang='lat' dir='ltr'><strong>quae</strong></span> <span class='ocrx_word' id='word_1_76' title='bbox 795 1207 976 1285; x_wconf 83' lang='lat' dir='ltr'><strong>praegressa</strong></span> <span class='ocrx_word' id='word_1_77' title='bbox 996 1211 1065 1268; x_wconf 87' lang='lat' dir='ltr'><strong>suut</strong></span> <span class='ocrx_word' id='word_1_78' title='bbox 1085 1193 1259 1277; x_wconf 74' lang='lat' dir='ltr'><strong>cohaerenir</strong></span> 
     </span>
     <span class='ocr_line' id='line_1_10' title="bbox 88 1277 1259 1376; baseline 0.01 -30"><span class='ocrx_word' id='word_1_79' title='bbox 88 1279 165 1347; x_wconf 87' lang='lat' dir='ltr'><strong>illud</strong></span> <span class='ocrx_word' id='word_1_80' title='bbox 186 1279 302 1367; x_wconf 89' lang='lat' dir='ltr'><strong>quidem</strong></span> <span class='ocrx_word' id='word_1_81' title='bbox 324 1278 511 1344; x_wconf 85' lang='lat' dir='ltr'><strong>manifestum</strong></span> <span class='ocrx_word' id='word_1_82' title='bbox 532 1286 579 1344; x_wconf 88' lang='lat' dir='ltr'><strong>est</strong></span> <span class='ocrx_word' id='word_1_83' title='bbox 599 1277 784 1342; x_wconf 85' lang='lat' dir='ltr'><strong>scribendum</strong></span> <span class='ocrx_word' id='word_1_84' title='bbox 803 1301 871 1345; x_wconf 86' lang='lat' dir='ltr'><strong>esse</strong></span> <span class='ocrx_word' id='word_1_85' title='bbox 883 1284 1039 1368; x_wconf 75' lang='grc' dir='ltr'><strong><em>Κρατῖνος</em></strong></span> <span class='ocrx_word' id='word_1_86' title='bbox 1051 1289 1259 1376; x_wconf 56' lang='lat' dir='ltr'><strong>sorssors,</strong></span> 
     </span>
     <span class='ocr_line' id='line_1_11' title="bbox 88 1363 1258 1468; baseline 0.014 -38"><span class='ocrx_word' id='word_1_87' title='bbox 88 1387 176 1453; x_wconf 84' lang='lat' dir='ltr'><strong>qoem</strong></span> <span class='ocrx_word' id='word_1_88' title='bbox 205 1363 346 1452; x_wconf 82' lang='lat' dir='ltr'><strong>Phrygia</strong></span> <span class='ocrx_word' id='word_1_89' title='bbox 371 1363 430 1430; x_wconf 85' lang='lat' dir='ltr'><strong>ista</strong></span> <span class='ocrx_word' id='word_1_90' title='bbox 458 1363 580 1428; x_wconf 85' lang='lat' dir='ltr'><strong>numina</strong></span> <span class='ocrx_word' id='word_1_91' title='bbox 605 1364 638 1427; x_wconf 92' lang='lat' dir='ltr'><strong>iu</strong></span> <span class='ocrx_word' id='word_1_92' title='bbox 665 1363 790 1428; x_wconf 81' lang='lat' dir='ltr'><strong>exordio</strong></span> <span class='ocrx_word' id='word_1_93' title='bbox 815 1364 933 1432; x_wconf 81' lang='lat' dir='ltr'><strong>fabulae</strong></span> <span class='ocrx_word' id='word_1_94' title='bbox 961 1371 1117 1441; x_wconf 81' lang='lat' dir='ltr'><strong>induxisse</strong></span> <span class='ocrx_word' id='word_1_95' title='bbox 1136 1397 1258 1468; x_wconf 86' lang='lat' dir='ltr'><strong>prorsus</strong></span> 
     </span>
     <span class='ocr_line' id='line_1_12' title="bbox 88 1443 1258 1538; baseline 0.015 -23"><span class='ocrx_word' id='word_1_96' title='bbox 88 1449 229 1515; x_wconf 84' lang='lat' dir='ltr'><strong>convenit</strong></span> <span class='ocrx_word' id='word_1_97' title='bbox 248 1447 372 1538; x_wconf 81' lang='lat' dir='ltr'><strong>ingenio</strong></span> <span class='ocrx_word' id='word_1_98' title='bbox 392 1448 502 1514; x_wconf 85' lang='lat' dir='ltr'><strong>ueteris</strong></span> <span class='ocrx_word' id='word_1_99' title='bbox 523 1447 701 1513; x_wconf 84' lang='lat' dir='ltr'><strong>comoediae.</strong></span> <span class='ocrx_word' id='word_1_100' title='bbox 741 1443 957 1518; x_wconf 79' lang='lat' dir='ltr'><strong>Existimabam</strong></span> <span class='ocrx_word' id='word_1_101' title='bbox 979 1463 1076 1524; x_wconf 88' lang='lat' dir='ltr'><strong>autem</strong></span> <span class='ocrx_word' id='word_1_102' title='bbox 1096 1460 1152 1528; x_wconf 85' lang='lat' dir='ltr'><strong>hou</strong></span> <span class='ocrx_word' id='word_1_103' title='bbox 1172 1467 1258 1533; x_wconf 85' lang='lat' dir='ltr'><strong>sebo-</strong></span> 
     </span>
     <span class='ocr_line' id='line_1_13' title="bbox 87 1531 1256 1636; baseline 0.014 -36"><span class='ocrx_word' id='word_1_104' title='bbox 87 1535 152 1600; x_wconf 84' lang='lat' dir='ltr'><strong>lion</strong></span> <span class='ocrx_word' id='word_1_105' title='bbox 173 1541 287 1600; x_wconf 79' lang='lat' dir='ltr'><strong>temore</strong></span> <span class='ocrx_word' id='word_1_106' title='bbox 306 1533 363 1598; x_wconf 86' lang='lat' dir='ltr'><strong>hue</strong></span> <span class='ocrx_word' id='word_1_107' title='bbox 383 1553 423 1597; x_wconf 87' lang='lat' dir='ltr'><strong>ex</strong></span> <span class='ocrx_word' id='word_1_108' title='bbox 444 1553 500 1598; x_wconf 85' lang='lat' dir='ltr'><strong>sua</strong></span> <span class='ocrx_word' id='word_1_109' title='bbox 520 1531 592 1598; x_wconf 86' lang='lat' dir='ltr'><strong>sede</strong></span> <span class='ocrx_word' id='word_1_110' title='bbox 618 1553 687 1598; x_wconf 89' lang='lat' dir='ltr'><strong>esse</strong></span> <span class='ocrx_word' id='word_1_111' title='bbox 707 1533 882 1602; x_wconf 80' lang='lat' dir='ltr'><strong>hanelatum</strong></span> <span class='ocrx_word' id='word_1_112' title='bbox 903 1544 934 1603; x_wconf 90' lang='lat' dir='ltr'><strong>et</strong></span> <span class='ocrx_word' id='word_1_113' title='bbox 953 1539 1122 1612; x_wconf 79' lang='lat' dir='ltr'><strong>dubitanter</strong></span> <span class='ocrx_word' id='word_1_114' title='bbox 1140 1551 1256 1636; x_wconf 84' lang='lat' dir='ltr'><strong>quidem</strong></span> 
     </span>
     <span class='ocr_line' id='line_1_14' title="bbox 86 1617 761 1712; baseline -0.001 -26"><span class='ocrx_word' id='word_1_115' title='bbox 86 1619 256 1686; x_wconf 81' lang='lat' dir='ltr'><strong>referebam</strong></span> <span class='ocrx_word' id='word_1_116' title='bbox 277 1617 315 1684; x_wconf 86' lang='lat' dir='ltr'><strong>ad</strong></span> <span class='ocrx_word' id='word_1_117' title='bbox 335 1637 365 1684; x_wconf 85' lang='lat' dir='ltr'><strong>v.</strong></span> <span class='ocrx_word' id='word_1_118' title='bbox 388 1617 487 1701; x_wconf 62' lang='lat'><strong>1069:</strong></span> <span class='ocrx_word' id='word_1_119' title='bbox 758 1707 761 1712; x_wconf 24' lang='grc'>1</span> 
     </span>
    </p>

    <p class='ocr_par' dir='ltr' id='par_1_3' title="bbox 70 1691 1337 2042">
     <span class='ocr_line' id='line_1_15' title="bbox 166 1691 882 1789; baseline 0.003 -21"><span class='ocrx_word' id='word_1_120' title='bbox 166 1693 209 1768; x_wconf 88' lang='grc' dir='ltr'><em>Ὦ</em></span> <span class='ocrx_word' id='word_1_121' title='bbox 229 1705 348 1780; x_wconf 80' lang='grc' dir='ltr'><strong><em>Πᾶνες,</em></strong></span> <span class='ocrx_word' id='word_1_122' title='bbox 371 1694 397 1766; x_wconf 80' lang='grc' dir='ltr'><em>ὧ</em></span> <span class='ocrx_word' id='word_1_123' title='bbox 417 1697 632 1786; x_wconf 74' lang='grc' dir='ltr'><strong><em>Κορύβαντες,</em></strong></span> <span class='ocrx_word' id='word_1_124' title='bbox 659 1691 685 1765; x_wconf 75' lang='grc' dir='ltr'><strong><em>ὦ</em></strong></span> <span class='ocrx_word' id='word_1_125' title='bbox 705 1697 882 1789; x_wconf 80' lang='grc' dir='ltr'><strong><em>Διοσκόρω.</em></strong></span> 
     </span>
     <span class='ocr_line' id='line_1_16' title="bbox 86 1785 1128 1878; baseline 0.006 -24"><span class='ocrx_word' id='word_1_126' title='bbox 86 1811 157 1854; x_wconf 90' lang='lat' dir='ltr'><strong>nam</strong></span> <span class='ocrx_word' id='word_1_127' title='bbox 177 1787 272 1878; x_wconf 89' lang='lat' dir='ltr'><strong>potuit</strong></span> <span class='ocrx_word' id='word_1_128' title='bbox 290 1787 334 1852; x_wconf 92' lang='lat' dir='ltr'><strong>ibi</strong></span> <span class='ocrx_word' id='word_1_129' title='bbox 360 1787 537 1870; x_wconf 70' lang='lat' dir='ltr'><strong>scholiasta,</strong></span> <span class='ocrx_word' id='word_1_130' title='bbox 574 1807 639 1851; x_wconf 88' lang='lat' dir='ltr'><strong>cum</strong></span> <span class='ocrx_word' id='word_1_131' title='bbox 664 1785 787 1852; x_wconf 89' lang='lat' dir='ltr'><strong>istorum</strong></span> <span class='ocrx_word' id='word_1_132' title='bbox 816 1789 966 1856; x_wconf 89' lang='lat' dir='ltr'><strong>numinum</strong></span> <span class='ocrx_word' id='word_1_133' title='bbox 994 1801 1128 1865; x_wconf 83' lang='lat' dir='ltr'><strong>naturam</strong></span> 
     </span>
     <span class='ocr_line' id='line_1_17' title="bbox 70 1869 1256 1971; baseline 0.014 -32"><span class='ocrx_word' id='word_1_134' title='bbox 70 1881 190 1958; x_wconf 81' lang='lat' dir='ltr'><strong>naret,</strong></span> <span class='ocrx_word' id='word_1_135' title='bbox 211 1871 328 1939; x_wconf 81' lang='lat' dir='ltr'><strong>Cratini</strong></span> <span class='ocrx_word' id='word_1_136' title='bbox 348 1872 515 1936; x_wconf 83' lang='lat' dir='ltr'><strong>testimonio</strong></span> <span class='ocrx_word' id='word_1_137' title='bbox 535 1871 588 1936; x_wconf 88' lang='lat' dir='ltr'><strong>uti.</strong></span> <span class='ocrx_word' id='word_1_138' title='bbox 629 1869 873 1971; x_wconf 66' lang='lat' dir='ltr'><strong>reprobabilis</strong></span> <span class='ocrx_word' id='word_1_139' title='bbox 894 1876 1026 1962; x_wconf 79' lang='lat' dir='ltr'><strong>violetur,</strong></span> <span class='ocrx_word' id='word_1_140' title='bbox 1045 1882 1188 1952; x_wconf 84' lang='lat' dir='ltr'><strong>haecabn</strong></span> <span class='ocrx_word' id='word_1_141' title='bbox 1211 1891 1256 1957; x_wconf 83' lang='lat' dir='ltr'><strong>di-</strong></span> 
     </span>
     <span class='ocr_line' id='line_1_18' title="bbox 85 1955 1337 2042; baseline 0.017 -20"><span class='ocrx_word' id='word_1_142' title='bbox 85 1959 199 2024; x_wconf 89' lang='lat' dir='ltr'><strong>vellere</strong></span> <span class='ocrx_word' id='word_1_143' title='bbox 220 1978 261 2022; x_wconf 86' lang='lat' dir='ltr'><strong>ex</strong></span> <span class='ocrx_word' id='word_1_144' title='bbox 281 1978 335 2022; x_wconf 91' lang='lat' dir='ltr'><strong>suo</strong></span> <span class='ocrx_word' id='word_1_145' title='bbox 356 1955 434 2021; x_wconf 84' lang='lat' dir='ltr'><strong>loeo:</strong></span> <span class='ocrx_word' id='word_1_146' title='bbox 456 1957 585 2022; x_wconf 71' lang='lat' dir='ltr'><strong>fumasse</strong></span> <span class='ocrx_word' id='word_1_147' title='bbox 606 1955 685 2020; x_wconf 90' lang='lat' dir='ltr'><strong>euim</strong></span> <span class='ocrx_word' id='word_1_148' title='bbox 706 1955 848 2023; x_wconf 69' lang='lat' dir='ltr'><strong>Cratinus</strong></span> <span class='ocrx_word' id='word_1_149' title='bbox 874 1958 997 2028; x_wconf 90' lang='lat' dir='ltr'><strong>similem</strong></span> <span class='ocrx_word' id='word_1_150' title='bbox 1038 1967 1163 2036; x_wconf 81' lang='lat' dir='ltr'><strong>naniam</strong></span> <span class='ocrx_word' id='word_1_151' title='bbox 1183 1974 1256 2042; x_wconf 86' lang='lat' dir='ltr'><strong>ima·</strong></span> <span class='ocrx_word' id='word_1_152' title='bbox 1332 2023 1337 2032; x_wconf 77' lang='lat'><em>,</em></span> 
     </span>
    </p>

    <p class='ocr_par' dir='ltr' id='par_1_4' title="bbox 110 1983 1255 2130">
     <span class='ocr_line' id='line_1_19' title="bbox 110 1983 1255 2130; baseline 0.007 -23"><span class='ocrx_word' id='word_1_153' title='bbox 110 2044 189 2109; x_wconf 90' lang='lat' dir='ltr'><strong>&#39;nem</strong></span> <span class='ocrx_word' id='word_1_154' title='bbox 210 2041 386 2108; x_wconf 81' lang='lat' dir='ltr'><strong>exhibuerat</strong></span> <span class='ocrx_word' id='word_1_155' title='bbox 406 2047 492 2127; x_wconf 83' lang='lat' dir='ltr'><strong>atque</strong></span> <span class='ocrx_word' id='word_1_156' title='bbox 512 2039 730 2128; x_wconf 79' lang='lat' dir='ltr'><strong>Aristophanes</strong></span> <span class='ocrx_word' id='word_1_157' title='bbox 757 2041 790 2105; x_wconf 92' lang='lat' dir='ltr'><strong>in</strong></span> <span class='ocrx_word' id='word_1_158' title='bbox 811 2043 868 2108; x_wconf 87' lang='lat' dir='ltr'><strong>hoc</strong></span> <span class='ocrx_word' id='word_1_159' title='bbox 887 2043 968 2130; x_wconf 88' lang='lat' dir='ltr'><strong>loeo,</strong></span> <span class='ocrx_word' id='word_1_160' title='bbox 1003 1983 1055 2116; x_wconf 87' lang='lat' dir='ltr'><strong>uhi</strong></span> <span class='ocrx_word' id='word_1_161' title='bbox 1075 2051 1150 2121; x_wconf 74' lang='lat' dir='ltr'><strong>duae</strong></span> <span class='ocrx_word' id='word_1_162' title='bbox 1171 2071 1255 2124; x_wconf 70' lang='lat' dir='ltr'><strong>vem.</strong></span> 
     </span>
    </p>

    <p class='ocr_par' dir='ltr' id='par_1_5' title="bbox 84 2066 1253 2387">
     <span class='ocr_line' id='line_1_20' title="bbox 84 2066 1253 2216; baseline 0.016 -24"><span class='ocrx_word' id='word_1_163' title='bbox 84 2066 134 2193; x_wconf 67' lang='lat' dir='ltr'><strong>hh</strong></span> <span class='ocrx_word' id='word_1_164' title='bbox 161 2127 269 2194; x_wconf 73' lang='grc' dir='ltr'><strong><em>καίτοι</em></strong></span> <span class='ocrx_word' id='word_1_165' title='bbox 294 2128 408 2192; x_wconf 86' lang='lat' dir='ltr'><strong>instant</strong></span> <span class='ocrx_word' id='word_1_166' title='bbox 432 2134 519 2212; x_wconf 86' lang='lat' dir='ltr'><strong>atque</strong></span> <span class='ocrx_word' id='word_1_167' title='bbox 546 2125 676 2213; x_wconf 78' lang='lat' dir='ltr'><strong>fatigant</strong></span> <span class='ocrx_word' id='word_1_168' title='bbox 701 2125 854 2212; x_wconf 83' lang='lat' dir='ltr'><strong>iuvenem,</strong></span> <span class='ocrx_word' id='word_1_169' title='bbox 892 2129 941 2216; x_wconf 80' lang='lat' dir='ltr'><strong>qui</strong></span> <span class='ocrx_word' id='word_1_170' title='bbox 966 2133 1014 2198; x_wconf 89' lang='lat' dir='ltr'><strong>ira</strong></span> <span class='ocrx_word' id='word_1_171' title='bbox 1039 2135 1174 2208; x_wconf 81' lang='lat' dir='ltr'><strong>feruidus</strong></span> <span class='ocrx_word' id='word_1_172' title='bbox 1200 2165 1253 2211; x_wconf 89' lang='lat' dir='ltr'><strong>ex·</strong></span> 
     </span>
     <span class='ocr_line' id='line_1_21' title="bbox 84 2212 954 2387; baseline 0.002 -26"><span class='ocrx_word' id='word_1_173' title='bbox 84 2212 269 2363; x_wconf 58' lang='lat' dir='ltr'><strong>elamaTortrl</strong></span> <span class='ocrx_word' id='word_1_174' title='bbox 289 2291 325 2361; x_wconf 82' lang='lat' dir='ltr'><strong>rh</strong></span> <span class='ocrx_word' id='word_1_175' title='bbox 347 2298 474 2380; x_wconf 75' lang='grc' dir='ltr'><strong><em>πρᾶγμα</em></strong></span> <span class='ocrx_word' id='word_1_176' title='bbox 496 2291 631 2359; x_wconf 76' lang='grc' dir='ltr'><strong><em>κατὰτὸ</em></strong></span> <span class='ocrx_word' id='word_1_177' title='bbox 657 2291 821 2360; x_wconf 79' lang='grc' dir='ltr'><strong><em>Κιιτιιίκοο</em></strong></span> <span class='ocrx_word' id='word_1_178' title='bbox 842 2304 954 2387; x_wconf 81' lang='grc' dir='ltr'><strong><em>σαφῶς</em></strong></span> 
     </span>
    </p>

    <p class='ocr_par' dir='ltr' id='par_1_6' title="bbox 173 2377 923 2468">
     <span class='ocr_line' id='line_1_22' title="bbox 173 2377 923 2468; baseline 0 -22"><span class='ocrx_word' id='word_1_179' title='bbox 173 2377 343 2468; x_wconf 80' lang='grc' dir='ltr'><strong>Ψήφισμα,</strong></span> <span class='ocrx_word' id='word_1_180' title='bbox 362 2379 578 2464; x_wconf 63' lang='lat' dir='ltr'><strong>prestolatus</strong></span> <span class='ocrx_word' id='word_1_181' title='bbox 599 2379 848 2462; x_wconf 73' lang='grc' dir='ltr'><strong>διαλελημμένον.</strong></span> <span class='ocrx_word' id='word_1_182' title='bbox 918 2396 923 2404; x_wconf 82' lang='grc'><strong><em>’</em></strong></span> 
     </span>
    </p>

    <p class='ocr_par' dir='ltr' id='par_1_7' title="bbox 75 2459 1291 3658">
     <span class='ocr_line' id='line_1_23' title="bbox 167 2459 884 2551; baseline 0.001 -20"><span class='ocrx_word' id='word_1_183' title='bbox 167 2469 247 2544; x_wconf 82' lang='grc' dir='ltr'><strong>Πῶς</strong></span> <span class='ocrx_word' id='word_1_184' title='bbox 268 2459 323 2531; x_wconf 71' lang='grc' dir='ltr'><strong>οὖν</strong></span> <span class='ocrx_word' id='word_1_185' title='bbox 343 2467 484 2530; x_wconf 76' lang='grc' dir='ltr'><strong>δικωπεῖν</strong></span> <span class='ocrx_word' id='word_1_186' title='bbox 504 2461 683 2551; x_wconf 72' lang='grc' dir='ltr'><strong><em>ἀμφοτέρας</em></strong></span> <span class='ocrx_word' id='word_1_187' title='bbox 704 2461 884 2549; x_wconf 72' lang='grc' dir='ltr'><strong><em>δυνήσομαι.</em></strong></span> 
     </span>
     <span class='ocr_line' id='line_1_24' title="bbox 82 2547 1253 2650; baseline 0.012 -34"><span class='ocrx_word' id='word_1_188' title='bbox 82 2547 242 2618; x_wconf 79' lang='lat' dir='ltr'><strong>Excidisse</strong></span> <span class='ocrx_word' id='word_1_189' title='bbox 262 2557 358 2616; x_wconf 86' lang='lat' dir='ltr'><strong>autem</strong></span> <span class='ocrx_word' id='word_1_190' title='bbox 380 2549 489 2638; x_wconf 87' lang='lat' dir='ltr'><strong>aliquid</strong></span> <span class='ocrx_word' id='word_1_191' title='bbox 509 2549 649 2638; x_wconf 88' lang='lat' dir='ltr'><strong>postilla</strong></span> <span class='ocrx_word' id='word_1_192' title='bbox 669 2551 777 2616; x_wconf 85' lang='lat' dir='ltr'><strong>verba:</strong></span> <span class='ocrx_word' id='word_1_193' title='bbox 804 2551 932 2641; x_wconf 75' lang='grc' dir='ltr'><strong><em>μορφὰς</em></strong></span> <span class='ocrx_word' id='word_1_194' title='bbox 951 2555 984 2621; x_wconf 74' lang='grc' dir='ltr'><strong>ἔν</strong></span> <span class='ocrx_word' id='word_1_195' title='bbox 1004 2554 1085 2648; x_wconf 71' lang='grc' dir='ltr'><strong>ἀρχῇ</strong></span> <span class='ocrx_word' id='word_1_196' title='bbox 1106 2565 1253 2650; x_wconf 59' lang='lat' dir='ltr'><strong>parabor</strong></span> 
     </span>
     <span class='ocr_line' id='line_1_25' title="bbox 82 2634 1250 2730; baseline 0.015 -28"><span class='ocrx_word' id='word_1_197' title='bbox 82 2635 156 2702; x_wconf 88' lang='lat' dir='ltr'><strong>satis</strong></span> <span class='ocrx_word' id='word_1_198' title='bbox 178 2642 309 2726; x_wconf 82' lang='lat' dir='ltr'><strong>apparet</strong></span> <span class='ocrx_word' id='word_1_199' title='bbox 351 2635 423 2700; x_wconf 85' lang='lat' dir='ltr'><strong>Fuit</strong></span> <span class='ocrx_word' id='word_1_200' title='bbox 443 2642 539 2700; x_wconf 85' lang='lat' dir='ltr'><strong>autem</strong></span> <span class='ocrx_word' id='word_1_201' title='bbox 560 2655 624 2702; x_wconf 85' lang='lat' dir='ltr'><strong>eum</strong></span> <span class='ocrx_word' id='word_1_202' title='bbox 646 2634 694 2700; x_wconf 93' lang='lat' dir='ltr'><strong>bis</strong></span> <span class='ocrx_word' id='word_1_203' title='bbox 715 2655 841 2724; x_wconf 80' lang='lat' dir='ltr'><strong>magnae</strong></span> <span class='ocrx_word' id='word_1_204' title='bbox 863 2640 965 2706; x_wconf 79' lang='lat' dir='ltr'><strong>mab-is</strong></span> <span class='ocrx_word' id='word_1_205' title='bbox 986 2647 1096 2730; x_wconf 84' lang='lat' dir='ltr'><strong>saeris,</strong></span> <span class='ocrx_word' id='word_1_206' title='bbox 1122 2651 1250 2721; x_wconf 81' lang='lat' dir='ltr'><strong>uticum</strong></span> 
     </span>
     <span class='ocr_line' id='line_1_26' title="bbox 82 2719 1251 2814; baseline 0.014 -28"><span class='ocrx_word' id='word_1_207' title='bbox 82 2721 166 2804; x_wconf 87' lang='lat' dir='ltr'><strong>aliis,</strong></span> <span class='ocrx_word' id='word_1_208' title='bbox 193 2743 268 2808; x_wconf 86' lang='lat' dir='ltr'><strong>quae</strong></span> <span class='ocrx_word' id='word_1_209' title='bbox 289 2719 472 2786; x_wconf 83' lang='lat' dir='ltr'><strong>clandestino</strong></span> <span class='ocrx_word' id='word_1_210' title='bbox 493 2726 523 2783; x_wconf 92' lang='lat' dir='ltr'><strong>et</strong></span> <span class='ocrx_word' id='word_1_211' title='bbox 542 2725 685 2784; x_wconf 82' lang='lat' dir='ltr'><strong>nocturno</strong></span> <span class='ocrx_word' id='word_1_212' title='bbox 704 2725 835 2809; x_wconf 90' lang='lat' dir='ltr'><strong>tempore</strong></span> <span class='ocrx_word' id='word_1_213' title='bbox 857 2723 1094 2814; x_wconf 81' lang='lat' dir='ltr'><strong>celebrabantur,</strong></span> <span class='ocrx_word' id='word_1_214' title='bbox 1122 2733 1251 2806; x_wconf 79' lang='lat' dir='ltr'><strong>foeditas</strong></span> 
     </span>
     <span class='ocr_line' id='line_1_27' title="bbox 80 2803 1251 2884; baseline 0.006 -13"><span class='ocrx_word' id='word_1_215' title='bbox 80 2807 212 2871; x_wconf 84' lang='lat' dir='ltr'><strong>maxima</strong></span> <span class='ocrx_word' id='word_1_216' title='bbox 231 2807 399 2871; x_wconf 81' lang='lat' dir='ltr'><strong>coniuncta:</strong></span> <span class='ocrx_word' id='word_1_217' title='bbox 437 2803 572 2870; x_wconf 89' lang='lat' dir='ltr'><strong>solebant</strong></span> <span class='ocrx_word' id='word_1_218' title='bbox 597 2804 676 2868; x_wconf 90' lang='lat' dir='ltr'><strong>euim</strong></span> <span class='ocrx_word' id='word_1_219' title='bbox 702 2804 750 2868; x_wconf 93' lang='lat' dir='ltr'><strong>his</strong></span> <span class='ocrx_word' id='word_1_220' title='bbox 778 2806 1011 2878; x_wconf 86' lang='lat' dir='ltr'><strong>solemnitatibus</strong></span> <span class='ocrx_word' id='word_1_221' title='bbox 1031 2813 1171 2884; x_wconf 78' lang='lat' dir='ltr'><strong>libidines</strong></span> <span class='ocrx_word' id='word_1_222' title='bbox 1226 2824 1251 2878; x_wconf 93' lang='grc'><strong>·.</strong></span> 
     </span>
     <span class='ocr_line' id='line_1_28' title="bbox 80 2887 1249 2992; baseline 0.015 -36"><span class='ocrx_word' id='word_1_223' title='bbox 80 2899 198 2962; x_wconf 82' lang='lat' dir='ltr'><strong>suentes</strong></span> <span class='ocrx_word' id='word_1_224' title='bbox 205 2898 236 2956; x_wconf 90' lang='lat' dir='ltr'><strong>et</strong></span> <span class='ocrx_word' id='word_1_225' title='bbox 242 2890 325 2977; x_wconf 90' lang='lat' dir='ltr'><strong>quasi</strong></span> <span class='ocrx_word' id='word_1_226' title='bbox 332 2891 386 2954; x_wconf 90' lang='lat' dir='ltr'><strong>sub</strong></span> <span class='ocrx_word' id='word_1_227' title='bbox 400 2891 500 2954; x_wconf 84' lang='lat' dir='ltr'><strong>cinere</strong></span> <span class='ocrx_word' id='word_1_228' title='bbox 513 2889 639 2952; x_wconf 86' lang='lat' dir='ltr'><strong>latentes</strong></span> <span class='ocrx_word' id='word_1_229' title='bbox 649 2887 825 2956; x_wconf 84' lang='lat' dir='ltr'><strong>inflammari</strong></span> <span class='ocrx_word' id='word_1_230' title='bbox 835 2891 1025 2981; x_wconf 84' lang='lat' dir='ltr'><strong>hominesque</strong></span> <span class='ocrx_word' id='word_1_231' title='bbox 1031 2899 1070 2966; x_wconf 78' lang='lat' dir='ltr'><strong>ar</strong></span> <span class='ocrx_word' id='word_1_232' title='bbox 1079 2903 1249 2992; x_wconf 79' lang='lat' dir='ltr'><strong>turpissima</strong></span> 
     </span>
     <span class='ocr_line' id='line_1_29' title="bbox 79 2971 1248 3059; baseline 0.01 -19"><span class='ocrx_word' id='word_1_233' title='bbox 79 2976 215 3040; x_wconf 86' lang='lat' dir='ltr'><strong>facinora</strong></span> <span class='ocrx_word' id='word_1_234' title='bbox 235 2977 275 3041; x_wconf 93' lang='lat' dir='ltr'><strong>im</strong></span> <span class='ocrx_word' id='word_1_235' title='bbox 296 2973 397 3040; x_wconf 89' lang='lat' dir='ltr'><strong>ellere.</strong></span> <span class='ocrx_word' id='word_1_236' title='bbox 439 2973 542 3059; x_wconf 87' lang='lat' dir='ltr'><strong>ltaque</strong></span> <span class='ocrx_word' id='word_1_237' title='bbox 563 2971 705 3040; x_wconf 86' lang='lat' dir='ltr'><strong>Cratinus</strong></span> <span class='ocrx_word' id='word_1_238' title='bbox 731 2973 809 3040; x_wconf 85' lang='lat' dir='ltr'><strong>hane</strong></span> <span class='ocrx_word' id='word_1_239' title='bbox 865 2980 997 3046; x_wconf 82' lang='lat' dir='ltr'><strong>ureitiem</strong></span> <span class='ocrx_word' id='word_1_240' title='bbox 1019 3005 1054 3048; x_wconf 84' lang='lat' dir='ltr'><strong>ae</strong></span> <span class='ocrx_word' id='word_1_241' title='bbox 1077 2986 1248 3058; x_wconf 81' lang='lat' dir='ltr'><strong>foeditatem</strong></span> 
     </span>
     <span class='ocr_line' id='line_1_30' title="bbox 78 3059 1248 3164; baseline 0.015 -39"><span class='ocrx_word' id='word_1_242' title='bbox 78 3061 230 3126; x_wconf 84' lang='lat' dir='ltr'><strong>sacrorum</strong></span> <span class='ocrx_word' id='word_1_243' title='bbox 289 3059 492 3124; x_wconf 84' lang='lat' dir='ltr'><strong>theniensibus</strong></span> <span class='ocrx_word' id='word_1_244' title='bbox 522 3059 578 3124; x_wconf 89' lang='lat' dir='ltr'><strong>sub</strong></span> <span class='ocrx_word' id='word_1_245' title='bbox 604 3065 761 3147; x_wconf 79' lang='lat' dir='ltr'><strong>conspectu</strong></span> <span class='ocrx_word' id='word_1_246' title='bbox 793 3061 839 3126; x_wconf 87' lang='lat' dir='ltr'><strong>col</strong></span> <span class='ocrx_word' id='word_1_247' title='bbox 869 3084 937 3128; x_wconf 85' lang='lat' dir='ltr'><strong>care</strong></span> <span class='ocrx_word' id='word_1_248' title='bbox 969 3068 1081 3135; x_wconf 87' lang='lat' dir='ltr'><strong>studuit</strong></span> <span class='ocrx_word' id='word_1_249' title='bbox 1110 3073 1248 3164; x_wconf 78' lang='lat' dir='ltr'><strong>oleraque</strong></span> 
     </span>
     <span class='ocr_line' id='line_1_31' title="bbox 78 3143 1247 3245; baseline 0.011 -35"><span class='ocrx_word' id='word_1_250' title='bbox 78 3146 210 3236; x_wconf 79' lang='lat' dir='ltr'><strong>imagine</strong></span> <span class='ocrx_word' id='word_1_251' title='bbox 230 3145 396 3210; x_wconf 87' lang='lat' dir='ltr'><strong>illustrare:</strong></span> <span class='ocrx_word' id='word_1_252' title='bbox 418 3144 538 3208; x_wconf 87' lang='lat' dir='ltr'><strong>eborum</strong></span> <span class='ocrx_word' id='word_1_253' title='bbox 560 3145 638 3208; x_wconf 85' lang='lat' dir='ltr'><strong>enim</strong></span> <span class='ocrx_word' id='word_1_254' title='bbox 664 3143 783 3209; x_wconf 82' lang='lat' dir='ltr'><strong>induxit</strong></span> <span class='ocrx_word' id='word_1_255' title='bbox 802 3145 951 3214; x_wconf 89' lang='lat' dir='ltr'><strong>bominum</strong></span> <span class='ocrx_word' id='word_1_256' title='bbox 971 3154 1247 3245; x_wconf 78' lang='lat' dir='ltr'><strong>perditissimorum,</strong></span> 
     </span>
     <span class='ocr_line' id='line_1_32' title="bbox 78 3229 1250 3317; baseline 0.015 -23"><span class='ocrx_word' id='word_1_257' title='bbox 78 3231 127 3316; x_wconf 89' lang='lat' dir='ltr'><strong>qui</strong></span> <span class='ocrx_word' id='word_1_258' title='bbox 155 3231 229 3296; x_wconf 82' lang='lat' dir='ltr'><strong>deae</strong></span> <span class='ocrx_word' id='word_1_259' title='bbox 256 3230 350 3296; x_wconf 84' lang='lat' dir='ltr'><strong>saeris</strong></span> <span class='ocrx_word' id='word_1_260' title='bbox 375 3229 483 3294; x_wconf 88' lang='lat' dir='ltr'><strong>initiati</strong></span> <span class='ocrx_word' id='word_1_261' title='bbox 513 3235 598 3314; x_wconf 84' lang='lat' dir='ltr'><strong>atque</strong></span> <span class='ocrx_word' id='word_1_262' title='bbox 624 3229 741 3317; x_wconf 87' lang='lat' dir='ltr'><strong>penitus</strong></span> <span class='ocrx_word' id='word_1_263' title='bbox 763 3229 925 3298; x_wconf 84' lang='lat' dir='ltr'><strong>effeminati</strong></span> <span class='ocrx_word' id='word_1_264' title='bbox 951 3257 985 3301; x_wconf 91' lang='lat' dir='ltr'><strong>co</strong></span> <span class='ocrx_word' id='word_1_265' title='bbox 1021 3261 1057 3306; x_wconf 87' lang='lat' dir='ltr'><strong>us</strong></span> <span class='ocrx_word' id='word_1_266' title='bbox 1078 3240 1106 3306; x_wconf 90' lang='lat' dir='ltr'><strong>le</strong></span> <span class='ocrx_word' id='word_1_267' title='bbox 1128 3243 1135 3258; x_wconf 90' lang='lat'>&#39;</span> <span class='ocrx_word' id='word_1_268' title='bbox 1196 3255 1250 3312; x_wconf 86' lang='lat' dir='ltr'><strong>ent</strong></span> 
     </span>
     <span class='ocr_line' id='line_1_33' title="bbox 78 3313 1246 3413; baseline 0.015 -35"><span class='ocrx_word' id='word_1_269' title='bbox 78 3323 109 3379; x_wconf 89' lang='lat' dir='ltr'><strong>et</strong></span> <span class='ocrx_word' id='word_1_270' title='bbox 128 3316 227 3380; x_wconf 89' lang='lat' dir='ltr'><strong>eriues</strong></span> <span class='ocrx_word' id='word_1_271' title='bbox 248 3335 350 3380; x_wconf 88' lang='lat' dir='ltr'><strong>omnes</strong></span> <span class='ocrx_word' id='word_1_272' title='bbox 360 3313 426 3404; x_wconf 82' lang='lat' dir='ltr'><strong>igni</strong></span> <span class='ocrx_word' id='word_1_273' title='bbox 443 3313 644 3378; x_wconf 83' lang='lat' dir='ltr'><strong>amburerent:</strong></span> <span class='ocrx_word' id='word_1_274' title='bbox 665 3313 735 3379; x_wconf 83' lang='lat' dir='ltr'><strong>inde</strong></span> <span class='ocrx_word' id='word_1_275' title='bbox 747 3337 862 3403; x_wconf 28' lang='lat' dir='ltr'><strong>,nomeu</strong></span> <span class='ocrx_word' id='word_1_276' title='bbox 883 3317 996 3385; x_wconf 81' lang='lat' dir='ltr'><strong>flurit²</strong></span> <span class='ocrx_word' id='word_1_277' title='bbox 1018 3349 1246 3413; x_wconf 75' lang='grc' dir='ltr'><strong><em>μποιραμειοιε</em></strong></span> 
     </span>
     <span class='ocr_line' id='line_1_34' title="bbox 75 3398 1246 3491; baseline 0.013 -27"><span class='ocrx_word' id='word_1_278' title='bbox 75 3400 134 3464; x_wconf 91' lang='lat' dir='ltr'><strong>buc</strong></span> <span class='ocrx_word' id='word_1_279' title='bbox 155 3401 243 3466; x_wconf 85' lang='lat' dir='ltr'><strong>etiam</strong></span> <span class='ocrx_word' id='word_1_280' title='bbox 264 3421 279 3465; x_wconf 89' lang='lat' dir='ltr'><strong>s</strong></span> <span class='ocrx_word' id='word_1_281' title='bbox 300 3405 376 3464; x_wconf 87' lang='lat' dir='ltr'><strong>eotat</strong></span> <span class='ocrx_word' id='word_1_282' title='bbox 395 3399 485 3480; x_wconf 90' lang='lat' dir='ltr'><strong>illud,</strong></span> <span class='ocrx_word' id='word_1_283' title='bbox 507 3398 661 3484; x_wconf 83' lang='lat' dir='ltr'><strong>quodiam</strong></span> <span class='ocrx_word' id='word_1_284' title='bbox 683 3419 718 3464; x_wconf 90' lang='lat' dir='ltr'><strong>su</strong></span> <span class='ocrx_word' id='word_1_285' title='bbox 794 3402 888 3486; x_wconf 82' lang='lat' dir='ltr'><strong>attuli,</strong></span> <span class='ocrx_word' id='word_1_286' title='bbox 909 3406 986 3491; x_wconf 84' lang='lat' dir='ltr'><strong>quod</strong></span> <span class='ocrx_word' id='word_1_287' title='bbox 1007 3408 1107 3477; x_wconf 78' lang='lat' dir='ltr'><strong>dieunt</strong></span> <span class='ocrx_word' id='word_1_288' title='bbox 1125 3411 1246 3485; x_wconf 76' lang='lat' dir='ltr'><strong>Aristo.</strong></span> 
     </span>
     <span class='ocr_line' id='line_1_35' title="bbox 75 3421 1291 3573; baseline 0.016 -24"><span class='ocrx_word' id='word_1_289' title='bbox 75 3485 202 3573; x_wconf 85' lang='lat' dir='ltr'><strong>pbane&#39;m</strong></span> <span class='ocrx_word' id='word_1_290' title='bbox 222 3484 255 3548; x_wconf 84' lang='lat' dir='ltr'><strong>in</strong></span> <span class='ocrx_word' id='word_1_291' title='bbox 276 3421 611 3572; x_wconf 74' lang='lat' dir='ltr'><strong>lhesmophoriazusis,</strong></span> <span class='ocrx_word' id='word_1_292' title='bbox 643 3483 694 3548; x_wconf 92' lang='lat' dir='ltr'><strong>uhi</strong></span> <span class='ocrx_word' id='word_1_293' title='bbox 771 3487 918 3554; x_wconf 86' lang='lat' dir='ltr'><strong>esiloohus</strong></span> <span class='ocrx_word' id='word_1_294' title='bbox 937 3491 971 3555; x_wconf 91' lang='lat' dir='ltr'><strong>in</strong></span> <span class='ocrx_word' id='word_1_295' title='bbox 990 3493 1131 3563; x_wconf 81' lang='lat' dir='ltr'><strong>feminam</strong></span> <span class='ocrx_word' id='word_1_296' title='bbox 1151 3511 1245 3567; x_wconf 86' lang='lat' dir='ltr'><strong>mutu·</strong></span> <span class='ocrx_word' id='word_1_297' title='bbox 1287 3556 1291 3566; x_wconf 92' lang='lat'>.</span> 
     </span>
     <span class='ocr_line' id='line_1_36' title="bbox 75 3567 1222 3658; baseline 0.016 -24"><span class='ocrx_word' id='word_1_298' title='bbox 75 3578 138 3653; x_wconf 90' lang='lat' dir='ltr'><strong>tur,</strong></span> <span class='ocrx_word' id='word_1_299' title='bbox 160 3569 199 3635; x_wconf 83' lang='lat' dir='ltr'><strong>ad</strong></span> <span class='ocrx_word' id='word_1_300' title='bbox 220 3567 337 3636; x_wconf 84' lang='lat' dir='ltr'><strong>Cratini</strong></span> <span class='ocrx_word' id='word_1_301' title='bbox 359 3569 523 3658; x_wconf 87' lang='lat' dir='ltr'><strong>exemplum</strong></span> <span class='ocrx_word' id='word_1_302' title='bbox 545 3589 579 3632; x_wconf 87' lang='lat' dir='ltr'><strong>se</strong></span> <span class='ocrx_word' id='word_1_303' title='bbox 599 3570 815 3657; x_wconf 84' lang='lat' dir='ltr'><strong>composuisse,</strong></span> <span class='ocrx_word' id='word_1_304' title='bbox 835 3575 963 3642; x_wconf 86' lang='lat' dir='ltr'><strong>maxime</strong></span> <span class='ocrx_word' id='word_1_305' title='bbox 983 3577 1016 3644; x_wconf 89' lang='lat' dir='ltr'><strong>in</strong></span> <span class='ocrx_word' id='word_1_306' title='bbox 1036 3579 1086 3646; x_wconf 88' lang='lat' dir='ltr'><strong>bis</strong></span> <span class='ocrx_word' id='word_1_307' title='bbox 1105 3585 1222 3652; x_wconf 86' lang='lat' dir='ltr'><strong>verbis:</strong></span> 
     </span>
    </p>

    <p class='ocr_par' dir='ltr' id='par_1_8' title="bbox 213 3650 1097 3740">
     <span class='ocr_line' id='line_1_37' title="bbox 213 3650 1097 3740; baseline 0.014 -28"><span class='ocrx_word' id='word_1_308' title='bbox 213 3705 217 3712; x_wconf 90' lang='lat'>.</span> <span class='ocrx_word' id='word_1_309' title='bbox 525 3650 702 3740; x_wconf 78' lang='grc' dir='ltr'><strong><em>Ἀποξοριΐι</em></strong></span> <span class='ocrx_word' id='word_1_310' title='bbox 721 3657 803 3736; x_wconf 79' lang='grc' dir='ltr'><strong><em>ταδί,</em></strong></span> <span class='ocrx_word' id='word_1_311' title='bbox 1092 3685 1097 3702; x_wconf 57' lang='lat'>⁸</span> 
     </span>
    </p>

    <p class='ocr_par' dir='ltr' id='par_1_9' title="bbox 70 3732 1242 4259">
     <span class='ocr_line' id='line_1_38' title="bbox 161 3732 782 3820; baseline 0.002 -18"><span class='ocrx_word' id='word_1_312' title='bbox 161 3735 213 3802; x_wconf 75' lang='grc' dir='ltr'><strong>Τὰ</strong></span> <span class='ocrx_word' id='word_1_313' title='bbox 234 3735 318 3803; x_wconf 80' lang='grc' dir='ltr'><strong><em>καίτοι</em></strong></span> <span class='ocrx_word' id='word_1_314' title='bbox 339 3735 370 3801; x_wconf 80' lang='grc' dir='ltr'><strong>δ’</strong></span> <span class='ocrx_word' id='word_1_315' title='bbox 394 3732 526 3820; x_wconf 73' lang='grc' dir='ltr'><strong>ἀφεύειν.</strong></span> <span class='ocrx_word' id='word_1_316' title='bbox 780 3775 782 3781; x_wconf 54' lang='lat'><em>2</em></span> 
     </span>
     <span class='ocr_line' id='line_1_39' title="bbox 75 3821 1242 3908; baseline 0.016 -18"><span class='ocrx_word' id='word_1_317' title='bbox 75 3821 184 3890; x_wconf 89' lang='lat' dir='ltr'><strong>llolles</strong></span> <span class='ocrx_word' id='word_1_318' title='bbox 212 3823 347 3890; x_wconf 85' lang='lat' dir='ltr'><strong>homines</strong></span> <span class='ocrx_word' id='word_1_319' title='bbox 414 3823 559 3887; x_wconf 89' lang='lat' dir='ltr'><strong>tissimum</strong></span> <span class='ocrx_word' id='word_1_320' title='bbox 585 3821 673 3888; x_wconf 89' lang='lat' dir='ltr'><strong>huius</strong></span> <span class='ocrx_word' id='word_1_321' title='bbox 694 3823 768 3889; x_wconf 77' lang='lat' dir='ltr'><strong>oleae</strong></span> <span class='ocrx_word' id='word_1_322' title='bbox 789 3828 882 3893; x_wconf 76' lang='lat' dir='ltr'><strong>sueno</strong></span> <span class='ocrx_word' id='word_1_323' title='bbox 903 3829 1034 3900; x_wconf 88' lang='lat' dir='ltr'><strong>initiatos</strong></span> <span class='ocrx_word' id='word_1_324' title='bbox 1054 3835 1149 3904; x_wconf 85' lang='lat' dir='ltr'><strong>fuisse</strong></span> <span class='ocrx_word' id='word_1_325' title='bbox 1170 3837 1242 3908; x_wconf 78' lang='lat' dir='ltr'><strong>(licit</strong></span> 
     </span>
     <span class='ocr_line' id='line_1_40' title="bbox 75 3903 1239 4012; baseline 0.016 -39"><span class='ocrx_word' id='word_1_326' title='bbox 75 3907 232 3974; x_wconf 83' lang='lat' dir='ltr'><strong>Scholiast.</strong></span> <span class='ocrx_word' id='word_1_327' title='bbox 252 3908 376 3997; x_wconf 81' lang='lat' dir='ltr'><strong>Aristop</strong></span> <span class='ocrx_word' id='word_1_328' title='bbox 399 3954 407 3972; x_wconf 90' lang='lat'><strong>.</strong></span> <span class='ocrx_word' id='word_1_329' title='bbox 428 3907 488 3972; x_wconf 81' lang='lat' dir='ltr'><strong>Au.</strong></span> <span class='ocrx_word' id='word_1_330' title='bbox 509 3907 587 3972; x_wconf 85' lang='lat'><strong>876:</strong></span> <span class='ocrx_word' id='word_1_331' title='bbox 625 3903 664 3971; x_wconf 87' lang='lat' dir='ltr'><strong>‘O</strong></span> <span class='ocrx_word' id='word_1_332' title='bbox 685 3909 719 3972; x_wconf 80' lang='grc' dir='ltr'><strong>δὲ</strong></span> <span class='ocrx_word' id='word_1_333' title='bbox 739 3911 881 3992; x_wconf 79' lang='grc' dir='ltr'><strong><em>Δίδυμος</em></strong></span> <span class='ocrx_word' id='word_1_334' title='bbox 899 3917 1018 4004; x_wconf 79' lang='grc' dir='ltr'><strong><em>μηιίρα</em></strong></span> <span class='ocrx_word' id='word_1_335' title='bbox 1040 3923 1239 4012; x_wconf 68' lang='grc' dir='ltr'><strong><em>Κλεοκρίτου,</em></strong></span> 
     </span>
     <span class='ocr_line' id='line_1_41' title="bbox 74 3989 1240 4096; baseline 0.018 -40"><span class='ocrx_word' id='word_1_336' title='bbox 74 3989 119 4058; x_wconf 79' lang='grc' dir='ltr'><strong>ὅτι</strong></span> <span class='ocrx_word' id='word_1_337' title='bbox 141 3989 185 4069; x_wconf 82' lang='grc' dir='ltr'><strong>ὡς</strong></span> <span class='ocrx_word' id='word_1_338' title='bbox 208 3993 366 4076; x_wconf 77' lang='grc' dir='ltr'><strong><em>γυναικίας</em></strong></span> <span class='ocrx_word' id='word_1_339' title='bbox 391 3993 443 4056; x_wconf 84' lang='grc' dir='ltr'><strong>καί</strong></span> <span class='ocrx_word' id='word_1_340' title='bbox 468 3991 602 4068; x_wconf 73' lang='grc' dir='ltr'><strong><em>κίναιδος</em></strong></span> <span class='ocrx_word' id='word_1_341' title='bbox 628 3993 833 4080; x_wconf 75' lang='grc' dir='ltr'><strong><em>κωμῳδεῖται·</em></strong></span> <span class='ocrx_word' id='word_1_342' title='bbox 868 3999 902 4064; x_wconf 75' lang='lat' dir='ltr'><strong>lv</strong></span> <span class='ocrx_word' id='word_1_343' title='bbox 921 4002 956 4066; x_wconf 72' lang='lat' dir='ltr'><strong>ot</strong></span> <span class='ocrx_word' id='word_1_344' title='bbox 975 4011 1040 4082; x_wconf 82' lang='grc' dir='ltr'><strong><em>τοῒς</em></strong></span> <span class='ocrx_word' id='word_1_345' title='bbox 1057 4013 1240 4096; x_wconf 68' lang='grc' dir='ltr'><strong><em>μυστηρίοις</em></strong></span> 
     </span>
     <span class='ocr_line' id='line_1_42' title="bbox 71 4073 1238 4192; baseline 0.018 -50"><span class='ocrx_word' id='word_1_346' title='bbox 71 4083 126 4160; x_wconf 83' lang='grc' dir='ltr'><strong>τῆς</strong></span> <span class='ocrx_word' id='word_1_347' title='bbox 146 4076 236 4153; x_wconf 75' lang='grc' dir='ltr'><strong><em>Ῥέας</em></strong></span> <span class='ocrx_word' id='word_1_348' title='bbox 264 4078 399 4160; x_wconf 78' lang='grc' dir='ltr'><strong><em>μαλακοί</em></strong></span> <span class='ocrx_word' id='word_1_349' title='bbox 426 4073 572 4161; x_wconf 76' lang='grc' dir='ltr'><strong><em>πάρεισιν.</em></strong></span> <span class='ocrx_word' id='word_1_350' title='bbox 619 4076 708 4146; x_wconf 79' lang='lat' dir='ltr'><strong>Adde</strong></span> <span class='ocrx_word' id='word_1_351' title='bbox 738 4078 898 4166; x_wconf 77' lang='lat' dir='ltr'><strong>Synesium</strong></span> <span class='ocrx_word' id='word_1_352' title='bbox 927 4087 959 4151; x_wconf 90' lang='lat' dir='ltr'><strong>in</strong></span> <span class='ocrx_word' id='word_1_353' title='bbox 979 4084 1089 4160; x_wconf 74' lang='lat' dir='ltr'><strong>catut</strong></span> <span class='ocrx_word' id='word_1_354' title='bbox 1110 4091 1187 4169; x_wconf 77' lang='lat' dir='ltr'><strong>Eue,</strong></span> <span class='ocrx_word' id='word_1_355' title='bbox 1207 4119 1238 4192; x_wconf 85' lang='lat' dir='ltr'><strong>p.</strong></span> 
     </span>
     <span class='ocr_line' id='line_1_43' title="bbox 70 4157 1053 4259; baseline 0.013 -30"><span class='ocrx_word' id='word_1_356' title='bbox 70 4163 129 4230; x_wconf 76' lang='lat'><strong>86:</strong></span> <span class='ocrx_word' id='word_1_357' title='bbox 175 4159 260 4239; x_wconf 73' lang='grc' dir='ltr'><strong><em>Τοὺς</em></strong></span> <span class='ocrx_word' id='word_1_358' title='bbox 280 4163 316 4228; x_wconf 73' lang='lat' dir='ltr'><strong>tr</strong></span> <span class='ocrx_word' id='word_1_359' title='bbox 331 4171 397 4240; x_wconf 72' lang='grc' dir='ltr'><strong><em>τοῖς</em></strong></span> <span class='ocrx_word' id='word_1_360' title='bbox 415 4163 594 4245; x_wconf 75' lang='grc' dir='ltr'><strong><em>Κοβιλιίοις</em></strong></span> <span class='ocrx_word' id='word_1_361' title='bbox 618 4157 748 4240; x_wconf 70' lang='grc' dir='ltr'><strong><em>τούτοις</em></strong></span> <span class='ocrx_word' id='word_1_362' title='bbox 767 4167 842 4246; x_wconf 65' lang='grc' dir='ltr'><strong><em>τοὺς</em></strong></span> <span class='ocrx_word' id='word_1_363' title='bbox 859 4169 1053 4259; x_wconf 74' lang='grc' dir='ltr'><strong><em>κατεαγότας.</em></strong></span> 
     </span>
    </p>
   </div>
   <div class='ocr_carea' id='block_1_3' title="bbox 296 4449 887 4502">
    <p class='ocr_par' dir='ltr' id='par_1_10' title="bbox 296 4449 887 4502">
     <span class='ocr_line' id='line_1_44' title="bbox 296 4449 887 4502; baseline 0.019 -10"><span class='ocrx_word' id='word_1_364' title='bbox 296 4467 299 4478; x_wconf 89' lang='lat'>·</span> <span class='ocrx_word' id='word_1_365' title='bbox 422 4449 887 4502; x_wconf 61' lang='lat' dir='ltr'><strong>Q.</strong></span> 
     </span>
    </p>
   </div>
   <div class='ocr_carea' id='block_1_4' title="bbox 0 0 1530 5060">
    <p class='ocr_par' dir='ltr' id='par_1_11' title="bbox 0 0 1530 5060">
     <span class='ocr_line' id='line_1_45' title="bbox 0 0 1530 5060; baseline 0 9"><span class='ocrx_word' id='word_1_366' title='bbox 0 0 1530 5060; x_wconf 95' lang='lat' dir='ltr'><strong> </strong></span> 
     </span>
    </p>
   </div>
  </div>
 </body>
</html>
