3004 5048
310 259 369 330 DE
389 259 532 338 uento
552 257 742 334 ΟΟΜΟΕΒ.
765 258 875 330 Aur.
895 257 1040 342 ANTIQ.
1193 260 1258 332 ἀλλ

83 431 196 500 Atticis
237 429 352 498 leniore
372 429 469 496 lorma
489 429 537 494 nsi
557 434 627 494 sunt
648 428 756 512 Attici,
784 429 825 494 oti
847 437 894 494 est
913 429 1008 494 Inscr.
1030 427 1104 511 158,
1125 447 1199 514 quae
1220 428 1260 496 ad

84 517 207 605 Olyntp·¹
218 452 265 580 ll
285 517 426 605 pertinet:
442 513 617 597 Ὑψοκλέης
629 515 754 595 Δήλιος,
764 513 970 597 Ἀγασικλέης
982 511 1107 596 Δήλιος,
1128 517 1260 597 Πατρο-

83 602 176 683 κλέης
190 599 319 684 Δήλιος.
347 599 522 684 Ἀγακλέης
538 596 728 680 Ὑψοκλέους
748 597 868 680 Τηνιος,
885 597 1063 681 Ὕψοκλέης
1086 597 1258 683 Θεογνήτου

83 684 217 769 Δήλιος.
250 692 280 750 ολ
304 685 505 770 Πατροκλέης
522 683 737 760 Ἐπισθένους,
769 684 819 770 qui
850 684 927 750 idem
955 685 1012 750 luit
1036 683 1154 748 Delius.
1197 682 1261 750 Sed

83 791 117 836 ιι.
138 771 205 837 150
229 766 380 856 Ἱεροκλῆς
404 770 581 852 Φασηλίτης
601 769 721 857 legitur.
762 769 800 833 ln
824 790 884 834 una
911 769 951 838 ali
970 791 1008 834 na
1028 768 1129 834 Attica
1153 767 1261 842 inscri-

83 855 200 945 ptione,
221 875 296 941 quae
307 863 375 944 post
388 854 541 922 Euclidem
563 865 609 918 est
623 855 767 931 conlecta,
789 789 1061 935 adDemosllienis,
1081 853 1262 934 cludetur,

84 945 217 1008 &etalem
242 939 419 1022 reficienda,
446 947 477 1006 et
497 942 670 1021 Μενεκλέης
695 948 726 1004 ολ
755 941 942 1022 Κλησικλῆς,
971 939 1124 1021 Ξενοκλῆς
1150 937 1261 1025 legitur

85 1031 118 1090 et
136 1046 169 1090 n.
192 1025 256 1090 167
276 1025 332 1090 hoc
352 1025 448 1116 ipsum
469 1024 643 1109 Χαρικλέης
664 1023 818 1112 reperitur.
860 1024 973 1090 Poetae
993 1045 1065 1088 varo
1091 1043 1145 1112 pro
1173 1022 1261 1088 metri

84 1110 289 1192 necessitate,
315 1111 397 1176 cuius
419 1108 545 1174 vinculis
571 1109 721 1174 constricti
741 1110 933 1190 tenebantur,
961 1108 1046 1174 modo
1072 1108 1150 1172 hanc
1174 1107 1261 1172 modo

86 1193 171 1264 illem
198 1195 324 1260 formum
345 1195 542 1275 admissione
572 1195 630 1277 ita,
652 1200 683 1258 ot
702 1194 843 1258 diremtae
865 1201 976 1258 enum
996 1194 1110 1260 formae
1131 1202 1161 1258 et
1181 1198 1262 1258 recto

107 1279 208 1346 uidem
230 1301 301 1349 casn
322 1279 458 1368 exempla
478 1277 612 1361 afferam,
635 1278 776 1345 Cratinus
791 1278 828 1342 ‚in
845 1277 990 1344 Thressis
1012 1300 1031 1344 e
1050 1278 1088 1343 ud
1109 1277 1188 1342 Plut.
1210 1277 1263 1352 vit.

86 1299 201 1430 lericl.
224 1387 250 1432 c.
274 1366 330 1434 10:
358 1364 536 1448 Περικλέης.
563 1365 640 1430 idem
662 1386 697 1428 oe
718 1363 749 1428 in
769 1363 818 1428 lra
842 1372 939 1428 mento
960 1383 1000 1428 ex
1020 1300 1080 1428 dlia
1100 1361 1263 1447 antiquiore

85 1449 192 1515 fabola
219 1450 308 1532 ibid,
330 1457 360 1514 et
384 1449 551 1531 Φιλοκλέης
580 1385 659 1537 apud
683 1448 783 1514 Schol.
830 1449 944 1536 ophocl.
965 1447 1111 1535 Antigon.
1138 1469 1166 1510 ν.
1188 1447 1265 1528 402,

86 1529 217 1622 Eupolis
244 1533 446 1618 Παντακλέης
473 1535 550 1623 apud
578 1532 678 1598 Schol.
699 1533 795 1596 Arist.
817 1531 897 1598 Rau.
921 1533 1018 1613 ¹068,
1046 1531 1263 1619 Aristophanes

86 1619 262 1702 Περικλέης
282 1616 679 1700 Acharnhlssq‘leqoxllqr
700 1617 772 1682 Pac.
785 1619 879 1698 1057,
900 1616 1079 1701 Σοφοκλέης
1098 1616 1264 1698 Reum,

88 1701 261 1785 Ξενοκλέης
281 1705 360 1770 Πολι.
381 1706 435 1785 87,
457 1703 591 1768 Thesmo
611 1702 675 1766 hor.
697 1703 770 1782 169,
794 1701 961 1781 Φιλοκλέης
983 1700 1263 1788 Τλιθειιιθῐιλι.,169;

87 1785 285 1874 Phrynichus
318 1787 497 1872 Σοφοκλέης
528 1721 609 1852 aod
639 1794 748 1851 auctor.
776 1807 891 1873 argum.
914 1785 1005 1874 Soqh.
1027 1785 1101 1851 om.
1129 1783 1265 1850 Colonei.

89 1869 196 1957 ltaque
228 1895 288 1938 non
320 1872 451 1936 dubitavi
476 1872 508 1934 in
571 1871 703 1936 eleclidis
735 1892 823 1934 versu
852 1869 1074 1954 Χαρικλέης
1102 1870 1266 1955 corrigere.

88 1954 149 2020 Est
170 1967 268 2023 antem
289 1957 338 2022 hic
358 1956 412 2020 ille
432 1954 604 2037 Charicles,
625 1957 674 2040 qui
696 1955 782 2042 Olym
805 2001 813 2018 .
833 1954 915 2022 XCI.
938 1959 959 2019 2
980 1955 1016 2020 de
1043 1955 1081 2020 iis
1101 1955 1266 2040 inquisivit,

89 2041 142 2124 qui
163 2042 282 2108 hermas
304 2039 486 2106 mutilavisse
507 2049 538 2106 et
557 2040 701 2128 mysteria
721 1977 895 2130 prolilnasso
917 2041 1132 2128 arguebantur,
1158 2038 1265 2128 popolo

90 2125 173 2190 enim
195 2125 269 2192 sotis
298 2133 401 2213 gratus
423 2132 615 2214 acceptusque
635 2126 706 2190 luit:
737 2126 794 2191 vid.
816 2125 985 2190 Andocides
1007 2125 1044 2190 de
1064 2131 1186 2211 myster.
1207 2126 1265 2188 35:

86 2205 214 2288 Ἐπειδὴ
235 2209 269 2274 δέ
290 2215 389 2276 ταῦτα
411 2209 540 2295 έγένετο,
561 2209 754 2294 Πεέσανάρος
774 2212 825 2274 καὶ
845 2212 1005 2294 Χαρικλῆς
1027 2207 1110 2285 ὄντες
1129 2208 1185 2290 μέν
1205 2214 1267 2294 τῶν

91 2292 249 2375 ζητητῶν,
284 2296 443 2372 δοκοῦντες
464 2293 496 2360 d'
521 2298 554 2360 ἐν
582 2296 683 2381 ἐκείνῳ
704 2302 747 2382 τῷ
773 2292 875 2381 χρόνῳ
903 2293 1099 2358 εὐνούστατοι
1127 2290 1267 2379 εἶναιτῷ

91 2375 199 2464 δήμῳ,
221 2377 338 2464 ἔλεγον,
366 2377 409 2457 ὡς
429 2379 474 2464 εἴη
503 2379 542 2444 τὰ
563 2378 638 2465 έργα
658 2379 697 2445 roi
723 2382 902 2464 γεγενημένα
924 2379 980 2444 οάκ
1007 2378 1115 2463 ἀλέγων
1135 2377 1267 2460 ἀνδρῶν,

92 2459 165 2526 ἀλλ’
193 2466 242 2530 tat
262 2471 317 2530 τοῦ
340 2461 441 2550 δήμου
462 2462 643 2542 καταλύσει,
665 2467 716 2530 καλ
735 2471 845 2551 χρῆναι
867 2464 910 2530 ἔτι
933 2468 1100 2548 ζητεῖνκαὶ
1121 2464 1165 2547 μὴ
1187 2459 1268 2528 uod-

92 2553 230 2616 σασθαι.Ι
267 2551 350 2616 ldem
372 2551 556 2638 olympiadis
576 2549 650 2616 xcl
672 2571 750 2616 anno
776 2562 879 2635 qoorto
910 2550 967 2614 soit
986 2561 1120 2637 praetor,
1153 2556 1269 2616 etcum

92 2633 222 2720 triginta
253 2635 422 2700 triremibus
449 2635 557 2698 missos
585 2641 646 2713 est,
707 2635 793 2700 nibus
820 2633 1123 2698 Lacedaemoniorum
1158 2641 1269 2698 terrem

93 2717 282 2802 devastaret,
314 2718 374 2784 vid.
396 2717 547 2785 Diodorus
568 2717 609 2782 L.
630 2655 716 2784 Xlll.
737 2720 775 2784 9:
812 2716 972 2798 Ἀθηναῖοι
994 2717 1028 2782 δέ
1049 2719 1116 2802 περλ
1136 2717 1193 2798 μέν
1213 2717 1270 2796 τὴν

92 2802 284 2886 Λακωνικὴν
304 2799 468 2888 τριάκοντα
490 2799 621 2887 τριήρεις
642 2802 830 2878 ἀπέστειλαν,
852 2804 901 2866 καλ
914 2801 1075 2888 Χαρικλέα
1087 2798 1271 2885 στρατηγόν.

95 2885 148 2952 Cf.
159 2887 357 2976 Thucydides
377 2888 418 2954 L.
429 2886 499 2957 Vll.
520 2891 577 2954 2⁰:
598 2887 681 2970 Περί
700 2911 731 2950 τε
753 2885 990 2970 Πελοπόννησον
1010 2893 1085 2962 ναῦς
1105 2883 1270 2972 τριάκοντα
1311 2949 1315 2956 ,

95 2967 235 3038 detestor
255 2974 306 3036 καλ
323 2971 483 3057 Χαρικλέα
503 2971 558 3038 τάν
572 2967 808 3054 Ἀαολλοιλαλρου
829 2969 974 3056 ἄρχοντα,
996 2961 1023 3058 ᾦ
1043 2971 1144 3057 εἴρητο
1167 2973 1217 3034 καὶ
1239 2972 1271 3046 ές

88 3051 201 3141 ’Άργος
221 3056 398 3144 ἀφικομένῳ
408 3057 487 3122 κατὰ
504 3057 540 3122 τὸ
552 3055 743 3138 ξυμμαχικὸν
757 3064 944 3142 παρακαλεῖν
950 3056 1091 3144 Ἀργείων
1100 3081 1132 3121 τε
1145 3055 1271 3130 ὁπλίτας

96 3141 146 3204 tut
168 3143 225 3218 τὰς
246 3149 330 3218 ναῦς,
351 3145 401 3208 καὶ
422 3141 476 3208 τὸν
486 3144 696 3226 Δημοσθένην
716 3143 747 3217 ές
768 3140 823 3226 τὴν
839 3143 988 3221 Σικελίαν,
1011 3138 1112 3224 ὥσπερ
1134 3139 1270 3224 έμελλαν,

97 3223 345 3292 ἀπέστελλον-
375 3226 476 3311 εἴρητο
504 3227 536 3291 d’
566 3225 651 3314 αὐτῷ
672 3233 794 3309 πρῶτον
813 3225 891 3308 μετά
912 3233 968 3292 τοῦ
990 3226 1183 3312 Χαρικλέους
1204 3225 1272 3306 ἅμα

97 3307 672 3483 coortucrearetur
688 3309 1076 3482 'corruatur
1093 3312 1273 3462 cru

337 3437 344 3478 t
677 3443 686 3475 τ

99 3481 232 3560 λεέπετο,
259 3482 428 3567 περιέμενε,
459 3485 509 3546 καὶ
536 3479 590 3546 τὸν
615 3481 776 3568 Χαρικλέα
799 3481 872 3558 τοὺς
895 3482 1046 3568 Ἀργείους
1072 3486 1273 3568 παραλαβεῖν,
1391 3484 1393 3490 '

99 3563 179 3638 Quid
206 3567 362 3636 Charicles
395 3575 453 3632 tum
510 3568 638 3649 essent,
681 3567 766 3634 dccet
794 3568 872 3634 idem
899 3567 1039 3655 Thucyd.
1067 3566 1109 3632 L.
1129 3565 1199 3635 Vll.
1221 3567 1273 3632 26.

98 3646 227 3718 Videtur
253 3660 351 3747 autem
377 3589 549 3734 cuneolos,
582 3654 631 3738 qni
658 3661 745 3718 antea
772 3653 931 3718 acerrimus
958 3653 1095 3718 licentiae
1122 3651 1273 3740 popularis

100 3735 200 3804 luerat
220 3738 347 3817 vindex,
373 3744 478 3826 postea
508 3737 546 3802 ad
566 3738 745 3826 optimatium
771 3746 870 3827 portes
898 3760 931 3802 se
953 3737 1150 3826 applicuisse,
1176 3736 1273 3823 suspi-

102 3841 210 3908 corque
230 3823 311 3888 illom
325 3821 467 3886 Pisandri
487 3823 573 3885 amici
594 3821 757 3910 exemplum
779 3833 909 3888 secutum
931 3843 998 3888 esse
1019 3822 1100 3886 etin
1121 3841 1272 3886 numerum

101 3909 384 3996 quadringentorum
404 3916 553 4006 receptum
579 3907 686 3980 suisse;
730 3907 834 3980 uideor
861 3908 934 3972 mihi
959 3908 1014 3971 hoc
1035 3905 1084 3970 vol
1110 3926 1150 3968 ex
1170 3904 1273 3970 Ando-

104 3991 178 4059 cidis
206 4001 281 4058 orat
303 3991 340 4057 de
366 3991 518 4080 mysteriis
540 3989 601 4058 101
624 3991 783 4078 colligere,
810 3993 860 4056 nbi
887 3996 960 4058 satis
987 4011 1131 4088 superque
1153 3997 1274 4080 apparot

104 4073 284 4157 Chariclen,
301 4097 364 4146 cum
377 4082 459 4142 esset
468 4097 544 4140 onos
555 4075 592 4140 de
604 4077 728 4164 triginta
740 4076 824 4159 viris,
836 4077 909 4142 satis
923 4074 1079 4140 crudeliter
1091 4084 1274 4162 persecutum

105 4179 246 4241 esseeos,
268 4161 316 4245 qui
335 4161 614 4248 quadringentorum
627 4161 803 4226 dominatum
824 4183 884 4226 non
896 4161 1091 4226 adiuvissent:
1114 4159 1184 4228 dicit
1196 4162 1276 4232 enim

105 4241 162 4308 iti:
199 4243 345 4328 Ἀνέκρινε
367 4247 399 4310 d'
423 4243 519 4325 dous
539 4247 585 4323 τίς
605 4243 698 4322 ἀλλος
719 4243 738 4326 ἢ
759 4249 935 4329 Χαρικλῆς,
956 4247 1094 4328 έρωτιῦν,
1114 4244 1193 4312 Εἰπέ
1211 4269 1275 4323 μοι,

106 4317 327 4414 ἀἈνιλοκιίλη,
367 4321 462 4414 ἦλθες
488 4334 530 4408 εἷς
550 4332 713 4404 Δεκέλειαν,
739 4329 791 4398 καὶ
818 4331 1001 4414 ἐπετείχισας
1021 4336 1060 4420 τῇ
1087 4331 1210 4420 πατρέδι
1237 4337 1275 4418 η’
