3004 5048
251 316 318 386 298
631 309 1034 384 coementorum

113 541 118 552 .
253 484 313 554 ulia
333 481 466 552 obsoleta
486 488 517 549 et
535 482 690 548 venstatis
711 482 770 548 situ
789 481 886 548 obsita
904 479 1082 564 restitnerit,
1102 478 1162 548 eis
1179 479 1307 550 maaet
1332 480 1422 558 Quae

252 573 281 636 si
302 570 351 635 vel
371 571 404 634 in
424 569 462 634 iis
483 567 603 650 fabulis,
625 589 698 654 qnae
719 568 752 632 in
772 567 882 632 nuliam
903 567 1004 632 vocari
1023 572 1147 655 possunt
1168 566 1422 656 disceptationem,

271 655 376 720 lurima
407 655 609 742 reperiuntur,
650 671 832 738 nequaquam
859 672 895 717 eo
921 658 1094 740 argumento
1125 653 1168 716 uti
1198 651 1354 735 debemus,
1387 661 1423 720 ut

249 677 369 806 insulse
390 739 500 824 aliquot
519 737 757 826 elegantissimas
768 737 944 802 Pheraeo-ati
964 737 1152 824 abrogemus3
1172 757 1242 802 narn
1263 738 1312 823 qni
1332 759 1422 804 auena

250 825 344 890 ratius
371 824 426 888 hes
452 823 592 908 reliquias
621 821 851 904 examinaverit,
893 823 922 886 is
947 821 1162 888 animadvertet
1191 843 1253 886 non
1285 823 1423 912 putruisse

251 909 324 974 talia
350 909 386 973 ah
414 908 473 974 alio
498 929 584 994 qnam
611 908 747 993 antiquae
774 906 940 972 comoediae
963 912 1053 1057 poeta
1072 907 1177 972 serihir
1219 906 1421 974 Nicomsnhns

249 995 343 1082 igitur
367 993 442 1076 iste,
475 1014 561 1079 quem
586 991 800 1058 Eratosthenes
826 991 934 1074 votuit,
978 998 1102 1058 aoessat.
1143 991 1222 1057 Nan
1249 992 1323 1060 haee
1348 1003 1423 1062 sunt

249 1087 309 1144 orn
330 1099 490 1166 germana,
510 1085 570 1144 tam
591 1077 707 1160 Attica,
727 1083 787 1142 mm
805 1076 916 1142 festiva
936 1076 1061 1162 deniqne
1081 1083 1111 1141 et
1130 1076 1243 1165 lepida,
1264 1084 1297 1142 nt
1315 1077 1381 1144 nisi
1401 1099 1421 1146 a

249 1164 430 1228 Pherecrate
450 1170 537 1252 poeta
557 1163 738 1252 lepidissimo
759 1182 820 1226 non
839 1162 996 1227 videantur
1016 1161 1150 1249 componi
1171 1165 1311 1252 potuisse.

335 1246 398 1313 Sed
425 1249 556 1312 breviter
582 1248 642 1312 alia
666 1246 808 1332 quaedam
839 1268 879 1312 ex
903 1247 941 1312 iis
968 1247 1095 1328 fabulis,
1136 1267 1212 1332 quae
1239 1247 1421 1314 Pherecrati

249 1332 316 1397 sine
349 1332 411 1397 ulla
442 1331 623 1397 dubitatione
653 1333 836 1414 tribuuntur,
868 1332 1076 1420 perstringam.
1117 1330 1155 1396 In
1185 1331 1420 1399 Dulodidaseelo

249 1424 337 1506 poem
363 1416 513 1504 geminum
542 1417 608 1482 iere
637 1423 841 1506 argumentum
869 1423 986 1481 secutus
1017 1437 1085 1482 esse
1113 1415 1232 1482 videtur
1263 1422 1352 1502 etque
1385 1417 1420 1500 ii,

247 1503 298 1588 qni
318 1502 397 1568 vitoe
418 1523 525 1567 aureae
546 1502 706 1589 imaginem
727 1501 938 1569 exhibuerunt:
967 1523 1037 1566 nam
1056 1501 1292 1606 repraesentavit
1311 1501 1421 1590 opinor

249 1586 405 1651 eamvitae
426 1587 570 1651 humanae
592 1587 797 1667 conditionem,
818 1608 882 1651 curn
902 1586 1002 1676 prisca
1021 1585 1162 1652 felicitate
1183 1593 1213 1652 et
1230 1585 1420 1675 simplieitate

246 1670 307 1736 iam
327 1678 533 1754 evanescente,
553 1671 693 1736 mortales
715 1670 840 1736 aliorum
861 1692 952 1760 opera
971 1670 1151 1758 indigerent.
1176 1669 1277 1756 Itaque
1298 1671 1419 1738 induxit

249 1755 290 1820 ali
310 1777 392 1834 uem,
414 1757 464 1842 qui
489 1777 593 1822 servos
613 1756 706 1821 variis
728 1755 892 1845 disciplinis
914 1764 999 1842 atqm
1020 1757 1139 1822 artibus·
1158 1757 1334 1837 instrueret3
1368 1757 1419 1842 qni

248 1775 364 1926 quihem
385 1842 545 1931 magister,
576 1863 634 1927 qua
654 1841 768 1906 ratione
789 1843 823 1906 in
848 1839 905 1906 hae
925 1841 1081 1930 disciplina
1108 1841 1252 1906 tradenda
1272 1861 1344 1906 usus
1367 1844 1418 1926 sit,

247 1926 301 1990 vix
326 1925 400 1990 satis
431 1926 586 2015 perspicue
613 1926 794 1991 divinaveris
821 1945 862 1991 ex
891 1927 1018 1992 ohsnnro
1045 1925 1195 1992 Athenaei
1218 1925 1283 1992 loeo
1309 1925 1366 1994 vl.
1387 1949 1418 2016 p.

247 2012 312 2076 262
331 2009 376 2076 B:
414 2008 477 2075 ’Asi
495 2035 568 2075 ποτε
587 2006 662 2095 ἐγώ,
688 2008 798 2096 ἄνδρες
818 2012 919 2098 φίλοι,
951 2007 1136 2092 τεθαύμακα
1157 2010 1192 2075 τὸ
1213 2015 1276 2076 τῶν
1296 2007 1418 2076 desidero

245 2095 331 2180 γάνος
352 2090 394 2171 ὥς
414 2095 497 2162 ἐστιν
517 2095 658 2181 ἐγκρατὲς
677 2094 844 2173 τοσαύταις
864 2092 1133 2180 emovendam
1153 2095 1310 2179 λιχνείαις·
1337 2094 1418 2162 ταδ-

245 2203 303 2256 τας
322 2178 381 2265 γάρ
401 2175 592 2266 ὑπερορῶσιν
613 2179 649 2246 οδ
670 2177 766 2263 μόνον
787 2181 839 2246 διὰ
859 2180 970 2266 φόβαν,
991 2179 1143 2248 ἀλλὰκαὶ
1165 2179 1246 2248 κατὰ
1264 2182 1417 2248 διδασκα-

244 2265 330 2340 λίαν,
356 2262 395 2328 οὗ
421 2265 478 2348 τὴν
502 2267 536 2330 ἐν
557 2265 841 2353 Δουλοδιδασκάλῳ
865 2262 1092 2353 Φερεκράτους,
1118 2264 1199 2332 ἀλλὰ
1225 2266 1415 2344 ἐθισθέντες.

245 2347 322 2416 Cnm
348 2369 388 2414 ex
407 2350 456 2416 his
483 2350 557 2415 satis
588 2357 745 2439 appareat,
771 2351 983 2416 Pherecratem
1003 2355 1036 2416 in
1055 2351 1109 2416 illa
1134 2351 1236 2418 tabula
1262 2373 1369 2418 servos
1395 2374 1415 2418 a

288 2432 405 2499 lositete
443 2435 618 2520 omninoque
659 2434 803 2500 eiusmodi
835 2435 1015 2526 turpitudine
1051 2457 1147 2521 neque
1185 2457 1299 2528 poenae
1333 2445 1414 2504 meto

245 2453 443 2602 {horruisse
473 2541 569 2605 neque
595 2540 667 2584 vero
695 2519 905 2586 consuetudine
952 2519 1055 2585 uadem
1086 2529 1173 2606 σίτοιο
1199 2521 1350 2586 voluntate
1377 2522 1416 2590 ad

241 2603 427 2669 honestatem
454 2604 663 2686 commovisse,
703 2611 791 2693 poeta
811 2625 889 2668 nova
914 2541 1013 2690 ahqua
1034 2612 1064 2670 et
1091 2605 1190 2694 lepida
1210 2615 1274 2671 arte
1295 2606 1413 2672 videtur

202 2737 204 2741 -
241 2709 315 2753 usus
337 2709 422 2770 esse,
442 2709 499 2774 qua
519 2707 673 2754 servorum
694 2689 807 2754 animos
828 2710 886 2774 quo
907 2689 998 2755 vellet
1018 2689 1158 2758 flecteret
1196 2690 1274 2758 lllud
1293 2691 1411 2777 quidem

243 2779 324 2840 uerte
350 2780 437 2862 puto,
471 2773 682 2840 Pherecratem
710 2773 886 2840 effrenatam
912 2775 1099 2840 servitiorum
1127 2776 1291 2858 licentiam,
1335 2797 1411 2862 quae

240 2863 311 2924 tune
331 2858 389 2924 init
409 2880 537 2940 summa,
558 2859 611 2926 illa
631 2859 763 2946 imagine
784 2867 853 2924 ante
874 2860 1003 2924 onmium
1024 2860 1124 2926 oeulos
1145 2860 1251 2950 posita,
1272 2881 1411 2930 meruero

159 2975 166 3000 ·
239 2943 382 3010 voluisse.
423 2943 465 3008 Et
493 2943 532 3012 ad
558 2943 709 3032 epularum
741 2943 858 3030 quidem
885 2945 1150 3033 magnificandam,
1182 2966 1268 3031 quam
1293 2946 1327 3012 in
1353 2946 1410 3012 hae

239 3027 342 3098 nbula
362 3033 612 3116 repraesentatam
631 3028 786 3094 fuissovel
799 3029 931 3116 illeJipse
946 3029 1096 3094 Athenaei
1117 3030 1198 3094 loeus
1211 3031 1321 3117 arguit,
1380 3054 1410 3096 r-

239 3111 336 3180 tineat
355 3120 468 3202 septem
488 3134 606 3194 versos,
626 3113 677 3220 qni
697 3113 838 3200 leguntur
859 3113 936 3202 apud
957 3112 1068 3178 Athen.
1089 3114 1144 3179 111.
1165 3115 1248 3204 ped
1267 3114 1312 3180 B:
1335 3051 1409 3182 hee

239 3193 349 3284 ἑφθῶν
369 3200 473 3264 ποδῶν
492 3222 673 3281 μνημονευει
696 3193 890 3281 Φερεκράτης
911 3199 943 3262 ἐν
963 3195 1268 3288 Δουλοδιδασκάλῳ·

251 3337 257 3346 .
316 3279 422 3359 Ὅπως
443 3279 703 3367 παρασκευάζεται
722 3283 758 3349 ad
780 3284 901 3350 δεῖπνον
921 3281 1029 3348 εἴπαθ’
1044 3280 1135 3368 ἡμὶν.

323 3370 365 3434 Β.
386 3370 451 3433 Καὶ
473 3367 550 3450 δῆθ’
573 3363 701 3454 ὑπάρχει
720 3367 853 3450 τέμαχος
874 3370 929 3453 ἔρ·-

205 3500 209 3509 -
320 3452 436 3536 χδλειαν
456 3452 544 3532 ὑμῖν,
565 3456 684 3530 τευθίς,
707 3450 773 3536 dp-

322 3562 402 3602 νεισν
422 3538 530 3623 κρέας,
552 3535 673 3625 φάσκης
692 3533 795 3620 τόμος,

252 3665 255 3673 =
290 3641 293 3646 '
320 3621 412 3699 Παδς
432 3621 548 3710 ἑφθός,
568 3613 613 3707 ein
660 3616 835 3707 ,πλευρὸν,
858 3620 918 3708 ὄρ-

321 3709 424 3773 νΙθεια
444 3705 555 3792 πλήθει
576 3649 775 3785 ποδδά,..τν·

321 3792 376 3880 ρδς
396 3793 453 3860 orio
473 3794 571 3875 μέλιτι
578 3842 587 3871 ,
607 3794 694 3877 μερὶς
715 3795 819 3876 κρεῶν.

234 3879 283 3946 lta
308 3880 386 3944 enim
413 3879 488 3944 haec
514 3880 592 3943 eorri
615 3877 693 3941 enda
719 3878 865 3944 arbitrere
908 3897 938 3943 ν.
959 3877 980 3944 1
1001 3877 1081 3944 satis·
1096 3884 1250 3968 eonnptns
1277 3879 1403 3970 legimns

231 3962 288 4040 Ὡς
308 3960 567 4051 παρασκευάζεται
588 3900 709 4028 δεῖπνον
731 3967 797 4038 πῶς
824 3957 863 4026 δν
883 3957 991 4027 εἴπαθ’
1014 3959 1097 4045 ἡμῖν.
1139 3964 1401 4053 v.71egehetur:

234 4048 327 4132 τυρὸς
339 4049 488 4131 tonitru,
510 4049 587 4136 quod
606 4048 735 4130 correxi,
757 4053 790 4112 ut
810 4045 868 4112 mel
888 4067 948 4112 una
969 4069 1034 4114 eum
1050 4053 1136 4113 caneo
1158 4047 1262 4114 afferri
1277 4051 1404 4132 rimatur,

236 4136 373 4204 eonferas
394 4135 558 4204 Philoxeni¹
574 4153 681 4202 uersos
693 4153 743 4200 ex
764 4131 910 4214 anvivio
932 4132 1009 4222 apud
1029 4130 1140 4198 Athen
1161 4133 1214 4203 lv.
1235 4157 1264 4223 p.
1277 4135 1340 4202 w
1357 4135 1400 4201 E:

313 4215 507 4307 Ὁμοσάζυγα
528 4219 562 4290 δὲ
582 4213 699 4296 ξανθόν
718 4215 750 4284 τ’
763 4219 942 4301 ἐπεισῆλθεν
960 4217 1031 4299 μέλι
1048 4219 1102 4282 καλ
1122 4214 1399 4302 retardamur,

366 4367 370 4374 ,
559 4337 562 4344 ·
892 4298 1082 4387 adstrepit
1102 4300 1184 4381 άπας
1202 4329 1250 4384 τις

313 4381 411 4475 Ἦσαν
428 4386 544 4478 i‘pnex’
563 4382 704 4468 ἁπαλόν,
724 4385 825 4474 κήγὼν
843 4384 979 4474 ἐφάμαν.
1019 4385 1022 4390 ’
1070 4427 1074 4434 -
1195 4391 1201 4404 '
