3018 5064
633 257 1037 354 οοιιιιιιιιιιοιιιι

375 446 434 524 ΠΙ,
485 446 659 517 Andoddes
680 447 936 600 Cpnathenienois
957 471 997 517 ex
1017 449 1215 536 Ριιιδίοοίιι,

376 533 433 604 lv.
486 533 589 602 Creon
615 533 704 602 Scan
725 536 828 602 onides
850 555 891 602 ex
911 535 1074 620 Leontide,
1187 613 1189 619 k

377 619 418 691 V.
487 619 624 686 Pericles
646 617 863 709 Chelargensis
885 643 926 687 ex
946 623 1181 700 Acamatide,

377 703 434 774 Vl.
489 703 625 770 Glaucen
643 702 900 772 Ceramensisox
919 709 1151 786 Acamantida,

376 788 447 858 vll.
484 787 675 856 Callistratus
696 786 903 857 Acharnensis
930 813 969 858 cn
991 792 1136 878 (irenside,

375 871 462 944 vlu.
482 874 651 964 Xenophon
671 873 841 942 Melitensis
863 897 904 944 ex
925 877 1100 978 Cecropide.

249 960 311 1030 llic
329 981 402 1027 vcro
424 967 490 1025 erat
509 961 583 1026 ordo
604 961 733 1028 tribuum
758 963 908 1028 solennis:
971 962 1061 1028 obhci
1087 968 1190 1030 auten
1213 961 1339 1029 alicuius
1365 983 1430 1030 nro-

249 1049 342 1114 menti
356 1045 687 1111 auctoritatemsecutus
708 1067 777 1112 esse
796 1047 914 1112 videtur
987 1047 1113 1114 drudon.
1155 1046 1198 1112 Et
1216 1047 1342 1137 primum
1365 1051 1432 1137 qui-

249 1133 317 1198 dem
337 1131 415 1218 quod
436 1128 601 1219 Sophocles
628 1131 758 1197 secundo
784 1131 849 1197 loco
877 1140 1140 1226 commemoratuq
1156 1153 1210 1214 ex
1232 1153 1268 1197 eo
1289 1133 1364 1200 mihi
1385 1136 1432 1199 vi·
1500 1155 1501 1222 j

248 1217 322 1284 deor
341 1237 404 1281 non
423 1216 539 1282 incerto
559 1217 728 1282 coniectura
753 1216 912 1305 colligere,
944 1215 1092 1284 Colonum
1118 1218 1278 1306 antiquitus
1305 1217 1345 1285 ad
1365 1217 1432 1285 Ae-

249 1302 369 1392 geidem
400 1302 524 1382 tribum,
566 1308 672 1390 postea
700 1300 815 1368 demum
849 1303 887 1369 ad
913 1302 1123 1369 Antiochidenr
1145 1303 1348 1403 pertinuisse,
1391 1303 1432 1371 do

248 1408 308 1540 tt
321 1385 1434 1542 :tlllltbthtlll·cltlbt'tttttlblhbi‘ttlt

248 1564 282 1626 ct
304 1557 363 1622 hoc
392 1576 467 1620 sane
488 1562 593 1622 contra
617 1557 859 1622 consuetudinem
886 1558 996 1626 laetum
1023 1565 1083 1624 est:
1117 1579 1180 1623 non
1200 1565 1300 1624 tamon
1320 1522 1431 1627 mironi
1500 1633 1501 1648 η

248 1647 297 1710 est
321 1644 355 1708 in
379 1640 510 1706 Pericle*
528 1641 596 1706 viro
622 1644 751 1708 omnium
772 1643 936 1709 fortissimo
955 1643 1059 1731 reique
1077 1642 1215 1708 mihtaris
1235 1643 1431 1734 peritissimo,
1500 1661 1501 1742 η

247 1733 326 1796 tunc·
344 1726 471 1792 civitatis
497 1725 632 1816 principe
652 1728 856 1794 Athenienses
877 1750 898 1794 a
916 1729 1051 1817 legib’mo
1071 1749 1155 1794 more
1175 1729 1358 1811 recessisse,
1396 1733 1432 1798 ut
1500 1761 1501 1800 ι

248 1812 393 1881 cuniam
416 1809 598 1877 Glauconem
622 1810 828 1880 Acamantidis
852 1813 978 1879 tribules
1000 1813 1201 1900 delegissent,
1233 1813 1303 1880 huic
1323 1815 1431 1881 odiun-
1500 1895 1501 1900 η

248 1903 357 1987 gerent
377 1895 545 1965 Periclen·
585 1894 791 1964 Acamantidis
819 1900 914 1964 tribus
940 1903 1094 1990 praetores
1121 1897 1263 1964 continuo
1284 1919 1325 1964 ex
1345 1920 1433 1966 moro
1500 1901 1501 1978 l

248 1983 400 2084 excipiunt
419 1981 532 2047 Oeneis
554 1987 585 2072 et
606 1980 766 2072 Cecropis:
784 1985 847 2073 ianr
868 2001 940 2047 vero
960 2003 1027 2050 cunr
1049 1981 1172 2048 duorum
1188 1989 1301 2049 tuntum
1322 1983 1431 2052 ducum
1500 2023 1501 2026 π

248 2089 369 2156 nominc
388 2066 606 2150 desiderentur,
625 2073 795 2134 tresauten
816 2067 968 2158 supersint
978 2068 1085 2149 tribus,
1100 2065 1344 2156 Hippothoontis,
1364 2069 1432 2136 Ae·

247 2155 344 2236 antis,
364 2149 539 2234 Antiochis,
559 2172 685 2216 necesse
707 2158 766 2234 est,
788 2173 878 2216 unam
900 2172 940 2217 ex
959 2152 1008 2218 his
1029 2153 1165 2218 tribubus
1186 2155 1319 2218 caruisse
1340 2175 1432 2244 prae·

247 2243 329 2310 (οισι
360 2237 495 2303 videmus
522 2236 617 2324 igitur
642 2236 702 2302 ian
727 2242 788 2302 tum
813 2235 1018 2302 Athenienses
1039 2235 1203 2304 descivisse
1224 2237 1261 2304 ab
1282 2239 1432 2308 maium

248 2324 398 2390 institutor
429 2323 560 2389 sortasse
581 2326 678 2386 antem
698 2321 753 2386 illa
776 2321 935 2387 difficultas
960 2323 1004 2386 ita
1030 2328 1078 2388 est
1107 2321 1257 2406 tollenda,
1287 2330 1322 2388 nt
1345 2323 1431 2390 dica·

247 2429 313 2478 mus
328 2422 430 2475 'unum
456 2427 497 2472 ex
518 2406 619 2471 decem
638 2407 825 2496 praetoribus
845 2407 932 2472 initio
953 2406 1026 2474 enni
1046 2413 1100 2472 aut
1118 2413 1264 2473 mortuum
1286 2429 1354 2474 esse
1375 2415 1430 2475 adt

247 2514 370 2562 munere
396 2497 430 2556 ut
454 2491 642 2558 abdicaretur
667 2498 815 2576 coactum,
847 2491 955 2557 deinde
981 2498 1080 2558 entem
1108 2492 1199 2558 aliurn
1226 2499 1278 2558 aut
1298 2493 1428 2560 Glauco-

246 2599 316 2644 nem
335 2577 418 2642 illum
439 2583 492 2642 out
510 2575 659 2641 Periclem
679 2576 713 2640 in
738 2577 802 2642 eius
822 2575 919 2646 locum
940 2599 1008 2644 esse
1029 2575 1203 2659 suffectum
1229 2599 1325 2664 neque
1345 2579 1427 2647 enirn
1500 2637 1501 2664 η

246 2662 332 2730 initio
358 2663 457 2727 statim
485 2661 556 2725 anni
583 2661 723 2726 videntur
749 2661 849 2727 decem
880 2661 933 2727 alii
958 2683 999 2728 ex
1024 2663 1156 2751 singulis
1183 2663 1316 2728 tribubus
1338 2663 1428 2730 electi
1500 2669 1501 2680 ’

247 2767 332 2830 esse,
353 2747 404 2834 qui
424 2745 648 2829 sufficerentur,
674 2746 790 2833 quande
812 2753 893 2812 esset
912 2767 1000 2836 opus:
1027 2754 1099 2838 puto
1120 2748 1200 2814 eninr
1219 2748 1276 2813 hoc
1296 2749 1329 2814 in
1348 2747 1427 2816 solis
1500 2783 1501 2820 r

246 2833 435 2900 senatoribus
463 2838 494 2898 et
524 2833 714 2898 nubentibus
744 2851 800 2898 osu
825 2833 959 2900 venisse:
1002 2833 1057 2900 sed
1082 2833 1199 2900 incerta
1225 2833 1300 2899 haec
1323 2832 1426 2901 fateor

246 2921 382 2994 nituntur
411 2917 588 2983 coniectura.
629 2917 694 2983 lam
718 2917 796 3020 quod
822 2916 887 2984 dixi
908 2915 1090 3008 Sophoclem
1111 2917 1249 2987 Timocle
1280 2919 1427 2986 archonte

282 3011 513 3104 aetorenrnesse·
535 3001 697 3112 delectum³
728 3003 761 3070 1d
786 3005 852 3114 ipse
877 3022 996 3114 qpopue
1012 3005 1215 3112 aucmr'ritae
1234 3001 1330 3114 Spoph.
1349 3027 1425 3113 cop·

247 3089 669 3258 effitfltttttctt}
684 3091 849 3260 ttttl‘t
868 3090 1426 3256 bttttttttttssfftlt
1500 3141 1501 3150 ‘

180 3273 184 3282 ·
245 3258 279 3328 ἓν
305 3262 351 3346 τῷ
375 3256 453 3342 πρὸς
473 3257 599 3323 Ἀναίαν
625 3255 761 3346 πολέμῳ.
809 3257 989 3346 Quanquam
1015 3257 1092 3346 quod
1119 3255 1158 3326 de
1179 3281 1258 3324 enno
1279 3259 1351 3325 dicit
1371 3260 1424 3327 ad·
1500 3269 1501 3330 ἶ

244 3343 363 3413 modun
388 3343 534 3417 incertum
562 3347 611 3408 est
636 3359 732 3430 noque
753 3344 909 3431 congruit,
933 3351 1014 3408 recte
1035 3352 1134 3409 tanen
1155 3343 1226 3410 dicit
1244 3343 1428 3433 Sophoclem

245 3427 420 3500 interfnsse
446 3427 525 3492 bello
553 3428 696 3508 adversus
717 3426 870 3494 Anaeam:
911 3429 969 3494 boc
995 3430 1074 3494 eninr
1101 3435 1202 3520 operte
1229 3432 1358 3518 pertinet
1383 3431 1424 3496 ad

265 3535 328 3580 nus
349 3512 422 3580 belli
442 3510 537 3578 Samii
558 3519 616 3579 tem
636 3535 686 3579 us:
728 3511 792 3579 lam
819 3534 893 3580 uero
919 3513 996 3600 quod
1022 3513 1101 3582 idem
1126 3515 1208 3580 vitae
1229 3521 1331 3582 auctor
1352 3513 1425 3581 dicit
1500 3589 1501 3604 η

244 3533 423 3690 ἓορίιοοίιυι
452 3597 598 3687 collegam
617 3533 763 3664 habuisse
783 3597 1009 3687 Thucydidem:
1058 3595 1104 3664 Ori
1131 3599 1190 3686 γὰρ
1213 3597 1292 3676 slede
1312 3597 1367 3666 τδν
1386 3601 1423 3665 te
1500 3677 1501 3686 η

246 3690 302 3751 τοῦ
334 3679 477 3749 τοιούτου
508 3677 667 3768 γινόμενον
685 3684 885 3772 ,στρατηγίας
909 3683 1086 3768 ,ἀξιωθῆναι
1114 3684 1174 3750 odo
1198 3685 1349 3771 Περικλεῖ
1368 3687 1422 3750 καί
1500 3691 1501 3708 ’

246 3769 442 3854 Θουκυδίδῃ,
463 3777 529 3844 τοῖς
549 3765 683 3853 πρώτοις
702 3776 757 3854 τῆς
776 3769 903 3846 πόλεως.
935 3771 966 3838 id
985 3791 1088 3836 verum
1109 3791 1179 3836 esse
1199 3791 1280 3858 nego
1302 3777 1332 3836 et
1373 3793 1423 3836 er·
1500 3815 1501 3826 ι

243 3875 284 3922 ne
308 3876 336 3928 o.
378 3853 588 3941 Thucydidem
609 3855 711 3922 docem
731 3856 904 3923 interfuisse
924 3855 992 3922 huic
1008 3855 1111 3923 Samio
1131 3855 1211 3923 bello
1233 3856 1321 3922 etiarn
1333 3792 1424 3922 dhu-

244 3877 368 4029 cydides
388 3940 485 4006 refert
503 3937 529 4006 I.
551 3940 631 4024 117,
662 3941 717 4008 sed
745 3963 784 4008 ex
808 3943 860 4009 illo
886 3941 952 4008 loco
979 3943 1053 4008 satis
1083 3947 1222 4032 apparet,
1265 3963 1331 4007 eum
1358 3963 1423 4008 non

243 4025 341 4096 fuisse
361 4024 506 4114 collegam
527 4023 699 4116 Sophochs:
725 4027 796 4094 dicit
814 4029 908 4094 enim:
950 4029 1016 4094 Kal
1037 4028 1071 4092 ίκ
1091 4035 1153 4092 τῶν
1167 4025 1311 4109 Ἀθηνῶν
1329 4022 1423 4092 ὕστε-
1500 4061 1501 4076 1

241 4135 302 4224 por
332 4106 594 4194 προσεβοήθησαν
623 4109 851 4200 τεσσαράκοντα
881 4113 939 4196 μὲν
968 4112 1002 4177 αἱ
1032 4111 1109 4196 μετὰ
1139 4112 1334 4176 Θουκυδίδου
1365 4109 1422 4176 ’καλ

239 4200 388 4282 Αγυωνος
408 4196 460 4258 καί
483 4197 665 4284 Φορμίωνος
686 4203 768 4282 νῆες,
804 4198 897 4264 citrosa
924 4197 958 4264 δὲ
986 4197 1019 4263 οἳ
1037 4195 1115 4280 μετὰ
1138 4197 1345 4280 Τληπολέμου
1366 4198 1421 4262 καί
1500 4191 1501 4242 l

241 4277 444 4360 Ἀντικλέους,
477 4279 511 4348 ἐκ
537 4281 572 4350 δὲ
597 4284 681 4350 Χίου
707 4285 759 4350 καί
778 4284 911 4366 Λέσβου
932 4277 1106 4370 τριάκοντα.
1147 4281 1358 4384 Iomprimum
1378 4304 1421 4348 ex
1500 4317 1501 4336 ι

244 4367 389 4434 hocloco
418 4365 492 4434 sntio
523 4391 670 4460 superque
696 4377 819 4464 apparet
843 4368 1034 4458 Thucydidis
1060 4355 1193 4460 collegas
1218 4389 1253 4435 ιο
1278 4377 1419 4460 praetura
1500 4361 1501 4432 j
