3018 5064
341 287 402 355 uu
423 287 567 368 uuum.
587 289 779 364 COMOED.
804 295 912 368 ATT.
934 299 1080 380 Alell.
1251 314 1294 385 69

197 451 320 542 Ἐφάρει
340 454 398 533 τὰς
418 460 496 544 δρῦς
515 461 567 526 καὶ
589 457 839 610 τᾶρ’πλατάνους
859 467 911 544 aul
931 468 1005 548 τοὺς
1025 472 1161 560 ίχθροδς
1176 483 1295 564 προδε-

192 615 308 690 Ἀισαι
330 623 364 690 δ’
387 624 443 691 οὐκ
464 627 497 692 έν
517 572 782 719 συμποσίριίνίιλῖν
802 635 939 720 Δωροῖ
955 642 1188 709 συκοπέδιλε

198 712 265 774 Καὶ
282 709 470 790 Τέκτονες
491 711 728 797 εὐπαλάμων
748 715 892 798 ὕμνων·
916 719 1014 801 οὕτως
1025 722 1162 811 ἤνθησεν
1172 731 1292 810 ἐκεῖνος.

108 793 354 861 ulriScholiastu:
373 797 830 883 Τέκτονεςεῦπαλάμωνῦμνων·
843 803 979 884 τέκτονες
986 805 1133 889 ueneat
1141 827 1270 896 τεχνῖται
1283 839 1290 857 ·

106 881 163 943 καὶ
184 887 277 946 τοῦτο
300 881 334 945 δέ
355 882 388 948 la
408 885 471 946 τῶν
492 881 669 966 Εὐμενίδων
682 889 851 972 Κρατίνου.
893 890 1094 977 Εὐπαλάμων
1115 883 1200 964 otei
1222 904 1291 966 δια-

105 963 339 1052 κεχειρισμένων
370 964 389 1050 ἢ
416 969 671 1118 συντεταρμένων.
723 971 871 1054 Τέκτονες
902 983 973 1044 sunt
997 997 1138 1068 poetae,
1174 987 1217 1052 uti
1245 995 1292 1054 eut

105 1050 187 1140 opud
209 1050 375 1116 Pindarum
395 1051 488 1140 Pyth.
509 1053 565 1119 ll.
589 1055 668 1122 198:

194 1133 340 1214 luterens
367 1137 419 1200 aui
439 1133 566 1202 Λάκιον
586 1135 769 1225 Σαρπηδόν’
793 1139 971 1232 ἀνθρώπων
991 1143 1086 1234 φάτις

190 1215 243 1296 ’Et
264 1219 359 1286 ἐπέων
381 1223 586 1308 κελαδεννῶν,
607 1226 743 1304 τέκτονες
763 1221 816 1294 ola
837 1231 931 1317 σοφοὶ

185 1301 358 1392 Ἅρμοσαν,
379 1305 594 1392 γιγνώσκομεν.

102 1387 190 1463 Quos
217 1385 290 1456 ve'ro
316 1399 420 1481 poetas
447 1391 526 1459 dicat
552 1392 695 1460 Cratinus
716 1395 843 1498 ignoro,
864 1399 925 1464 nisi
946 1401 1024 1464 sorte
1045 1409 1181 1470 auctores
1201 1403 1288 1494 hym-

99 1495 212 1542 norum
238 1476 420 1562 quorundam
449 1478 719 1567 antiquissimorum
740 1504 773 1548 ιιι
794 1481 976 1552 Eumenidas
997 1485 1186 1577 intelligendi
1208 1500 1287 1560 sunt.

100 1557 169 1626 Sed
189 1579 252 1626 nou
271 1561 329 1626 hoc
349 1560 459 1628 solum:

193 1645 341 1724 Τέκτονις
360 1642 547 1728 εὐπαλάμων
565 1644 671 1730 upana

99 1749 144 1794 ex
164 1729 381 1798 Eumenidibus
402 1733 525 1822 petitum
545 1740 632 1823 puto,
653 1732 709 1803 sed
730 1735 834 1804 οοδοιιι
854 1737 957 1804 refero
978 1738 1068 1806 otiam
1088 1739 1177 1826 illud,
1209 1745 1286 1832 quod

97 1815 215 1882 ibidem
235 1815 314 1906 apud
333 1815 438 1883 Aristo
458 1819 567 1887 hauem
586 1818 715 1908 legitur:

189 1899 305 1988 Δωροῖ
320 1925 421 1968 συκοπ
456 1908 510 1984 alr,
1119 1983 1122 1992 ,

99 1984 274 2052 dubitanter
294 1993 409 2054 umen:
437 2009 610 2077 quamquam
630 2009 672 2056 ex
693 1987 795 2056 eadem
816 1988 921 2056 fabula
940 1990 1015 2056 haec
1035 1993 1127 2081 petita
1148 2015 1217 2060 esse
1237 1995 1285 2060 in·

98 2070 205 2137 dicare
231 2072 351 2139 videtur
370 2080 442 2140 nota
466 2072 653 2141 scholiastae
681 2074 719 2140 ad
764 2074 827 2140 rius
847 2075 1067 2163 fragmentum:
1098 2080 1161 2162 καὶ
1190 2084 1284 2146 τοῦτο

99 2156 138 2220 δέ
157 2157 193 2221 ἐκ
220 2162 284 2224 τῶν
304 2157 482 2241 Εὐμενίδων
501 2159 672 2246 Κρατίνου.
756 2160 803 2224 uio
834 2167 932 2226 autem
957 2159 1104 2229 versiculo
1132 2163 1206 2230 haec
1232 2165 1284 2232 ad·

98 2242 215 2351 scripta
235 2249 319 2309 suut:
347 2245 507 2330 Κρατίνου
527 2244 642 2326 μέλους
662 2239 760 2331 ἀρχῆ·
782 2239 932 2310 σκώπτων
954 2243 991 2312 δέ
1008 2271 1077 2312 τινα
1099 2247 1285 2326 έκεῖνοςδω-

98 2328 236 2412 ροδοκον
266 2330 317 2394 καὶ
345 2326 543 2416 συκοφάντην
568 2336 663 2396 τοῦτο
689 2326 762 2396 εἷπε.
810 2329 906 2396 Reate
926 2331 1002 2398 haec
1023 2332 1153 2418 quidem:
1185 2335 1284 2402 forma

98 2419 200 2479 autem
226 2415 356 2480 uomiuh
382 2415 531 2504 singulari
557 2415 645 2483 modo
666 2437 685 2482 a
704 2421 793 2505 poeta
822 2413 892 2480 liuta
924 2414 1056 2484 indicare
1084 2418 1172 2484 simul
1200 2419 1283 2488 vide-

97 2505 166 2580 tur,
197 2499 348 2566 hominem
373 2502 464 2570 istum
490 2510 630 2588 tauquam
656 2500 858 2567 effeminatum
886 2499 990 2567 rideri.
1033 2501 1102 2568 Huc
1122 2503 1284 2572 referenda

97 2590 148 2648 est
168 2582 319 2672 Hesychii
340 2593 425 2652 nuta:
474 2586 589 2673 Δωροῖ
604 2584 801 2652 συκοπέδιλε·
835 2587 1023 2673 παρῳδεΐται
1044 2591 1137 2652 τοῦτο
1165 2589 1199 2653 ἐκ
1219 2595 1283 2655 τῶν

97 2665 238 2754 ἀρχαίων
259 2669 448 2754 ποιημάτων.
475 2670 507 2738 h.
529 2693 557 2737 e.
578 2671 749 2760 exagitatur
770 2670 821 2754 (ab
843 2671 1061 2760 Aristophane)
1083 2673 1139 2738 hoc
1159 2674 1282 2762 petitum

98 2775 140 2819 ex
161 2757 224 2820 auti
245 2756 290 2820 uis
312 2757 514 2824 carminum
545 2754 609 2824 Sed
628 2765 739 2822 temere
760 2756 835 2821 haec
861 2752 996 2842 quidem,
1026 2777 1198 2846 quamquam
1219 2780 1282 2826 non

96 2841 198 2906 miuus
219 2779 298 2906 lltlsu
319 2842 410 2907 aaut
421 2840 591 2908 Scholiasta
600 2840 828 2930 Aristophanis:
871 2836 977 2904 Πάλιν
999 2835 1041 2916 ὡς
1060 2841 1201 2922 μέθυσον
1222 2841 1282 2908 αὗ-

95 2924 153 2991 τδν
174 2923 334 3008 διαβάλλει
355 2925 409 2991 τὸν
429 2928 603 3008 Κρατῖνον·
642 2923 699 2989 οὐκ
720 2919 758 3008 ἦν
778 2921 840 3010 γὰρ
862 2921 984 3009 ἑτέραν,
1024 2925 1135 3011 φησίν,
1162 2927 1195 2996 έν
1215 2937 1282 3007 τοῖς
1312 2981 1317 3003 .

95 3013 283 3092 συμποσίοις
316 3011 387 3095 ’δὴν
407 3008 605 3094 ποιήσασθαί
621 3033 707 3088 τινα,
745 3004 1098 3092 προκαταλαμβάνοντος
1120 3010 1201 3078 abab
1221 3019 1280 3080 τοῦ

95 3097 269 3183 Κρατίνου.
346 3103 447 3164 autum
467 3117 541 3163 vero
562 3095 663 3178 abest,
691 3102 724 3160 ut
743 3094 962 3184 Aristophanes
984 3095 1205 3184 reprehendere
1226 3121 1280 3166 vo-

93 3181 187 3248 luerit
209 3181 383 3266 Cratinum,
418 3187 451 3247 ut
477 3181 596 3248 eximiis
624 3182 817 3247 exornaverit
837 3177 989 3246 laudibus:
1024 3187 1177 3272 tantopere
1199 3183 1280 3252 enim

95 3267 169 3332 dicit
194 3268 333 3358 populum
360 3267 535 3334 delectatum
564 3289 631 3332 esse
663 3263 711 3332 h'iu
738 3273 844 3356 poetae
871 3265 1068 3349 carminibus,
1110 3273 1142 3331 ut
1168 3267 1218 3334 diu
1244 3268 1279 3334 iu

94 3353 227 3418 omnium
248 3375 300 3420 ore
321 3352 447 3418 fuerim:
475 3375 513 3418 ea
532 3371 607 3424 vero
627 3372 741 3419 summa
762 3357 809 3416 est
823 3358 928 3439 poetae
949 3350 1032 3434 laus,
1053 3351 1081 3414 si
1102 3373 1177 3438 quae
1198 3373 1276 3419 com-

93 3441 195 3530 posuit
214 3440 257 3504 ita
277 3439 439 3527 probantur
465 3437 588 3527 populo,
625 3443 658 3502 ut
684 3437 784 3502 statim
810 3457 865 3524 per
892 3435 1022 3500 omnium
1049 3457 1103 3502 ora
1128 3445 1278 3528 vagentur

94 3531 125 3589 et
168 3545 234 3590 cum
269 3523 369 3612 populi
402 3525 532 3590 animum
564 3523 713 3603 reserant,
756 3519 910 3672 popularia
943 3520 1276 3620 videantur-carmina.

93 3608 157 3676 Sed
178 3611 249 3674 illuc
273 3613 422 3674 revertur:
466 3629 538 3684 usus
560 3611 607 3673 est
627 3607 773 3672 similibus
808 3605 899 3670 ormis
921 3603 1063 3671 Cratinus
1085 3607 1277 3690 etiamalibi,

92 3701 170 3762 teste
191 3694 363 3782 Hesychia:
393 3689 532 3775 Ἐμβλιιί·
554 3691 729 3772 πέπλασται
751 3689 838 3774 παρὰ
857 3689 893 3756 τὸ
915 3690 1085 3772 ἐμβλέπειν.
1107 3686 1150 3766 ὡς
1170 3685 1277 3772 &Aar-

93 3779 139 3866 ρώ
160 3783 213 3844 καί
240 3775 341 3854 Aah·
383 3799 452 3844 nam
483 3785 516 3844 ut
543 3777 647 3864 Δωρδι
675 3784 722 3842 est
742 3774 875 3858 Cratini,
907 3781 938 3840 et
963 3773 1053 3852 Λεξδι
1081 3773 1274 3862 (Hesychius

92 3887 198 3956 supra:
241 3861 332 3942 Δεξιδ
353 3861 370 3928 ὃ
392 3865 549 3946 Κρατίνος
569 3861 853 3945 ιδνοματοποίησεν·
881 3857 943 3924 tub
965 3865 1021 3926 τοῦ
1043 3857 1190 3942 δέχεσθαι
1212 3863 1275 3926 δῶ·

92 3957 148 4038 ρα)
172 3951 216 4015 sic
235 3949 354 4016 videtur
375 3950 464 4016 etiam
481 3947 607 4030 Ἐμβλώ
629 3947 831 4033 (scribendum
853 3951 900 4010 est
921 3941 1134 4029 ’Κμβλεπδλ
1157 3965 1176 4010 a
1197 3944 1274 4014 Cra-

92 4040 154 4102 tino
177 4035 341 4128 profectum
363 4055 442 4100 esse.
484 4033 595 4100 Nescio
617 4041 715 4100 autem
737 4053 823 4118 quem
844 4030 941 4130 virum
961 4029 1133 4180 popularem
1154 4031 1274 4098 vexarit

91 4123 148 4188 hoe
169 4122 300 4187 carmine
322 4119 476 4200 Cratinus,
496 4119 627 4184 sortasse
647 4139 738 4184 uuum
759 4137 799 4182 ex
820 4137 922 4180 amrcrs
944 4123 974 4178 et
1008 4115 1190 4180 amrharuhus
1212 4115 1273 4181 Pe-

91 4208 189 4290 riclis,
212 4227 333 4296 quorum
355 4227 447 4308 opera
466 4204 519 4272 ille
540 4203 579 4270 ad
600 4203 727 4272 consilia
747 4198 922 4286 exequenda
942 4199 983 4266 uti
1006 4200 1129 4300 solebat.
1171 4199 1272 4266 Meni-

92 4295 169 4358 lesto
192 4291 318 4375 denique
339 4291 427 4358 huius
448 4289 568 4356 fabulae
589 4287 732 4357 memoria
753 4291 853 4352 exstat
873 4283 950 4373 apud
970 4281 1194 4368 Herodianum,
1221 4287 1270 4353 vel
1325 4337 1329 4346 .

92 4380 188 4448 botius
204 4376 349 4444 Ioannem
367 4375 607 4448 Alexandrinum
635 4373 672 4442 de
694 4378 806 4440 acuent
827 4370 929 4462 pau.
951 4367 999 4438 ed.
1020 4370 1162 4478 Dindori.
1183 4367 1269 4436 Ἔστι
