3052 5060
228 297 291 362 172
615 285 1021 360 COMMENTATIONES

227 459 360 544 εῖπαιμι,
380 455 509 536 τοότους
528 453 687 544 Διαγόρου
701 461 827 540 μᾶλλον
847 463 1045 540 πλημμελεῖν·
1072 455 1165 542 ὁμέν
1186 460 1243 547 γάρ
1265 459 1396 542 themar,

227 547 309 632 εῖπερ
337 543 399 630 άρα
421 541 516 610 τοῦθ’
540 539 638 620 οὕτως
662 543 757 608 ἐστίν.
785 542 854 608 ἀλλ’
879 543 934 609 οόκ
960 541 1164 628 έπενήνεκται,
1192 543 1336 633 καθάπερ
1364 550 1398 614 ἐν

226 641 292 708 τοῖς
312 632 494 702 Μαντινέων
515 627 618 694 έθεσιν
633 625 838 713 Ἀριστόξενός
859 651 974 714 φησιν·
1006 631 1038 696 έν
1058 630 1092 694 δέ
1118 635 1156 718 τῇ
1183 628 1301 714 ποιήσει
1322 631 1395 698 κατ’

228 715 378 800 ἀληθειαν
407 713 461 778 ὑπ’
491 713 587 778 αὐτοῦ
620 711 797 799 γεγράφθαι
832 724 897 790 τοῖς
923 711 1004 791 όλοις
1037 713 1126 780 οὐδέν
1162 713 1269 797 ἀσεβές
1300 717 1399 805 παρέ-

228 826 353 888 φαινεν,
396 799 468 864 ἀλλ’
500 801 581 888 ἐστὶν
613 797 762 884 εόφημος,
794 795 835 875 ὡς
867 798 1018 883 ποιητής,
1060 803 1102 876 είς
1142 801 1179 864 τὸ
1222 799 1398 884 δαιμόνιον,

227 883 369 972 καθάπερ
398 883 476 950 άλλα
496 909 529 950 τε
549 894 705 970 μαρτυρεῖ
726 886 777 950 καὶ
806 882 842 954 τὸ
863 885 1070 972 γεγραμμένον
1097 888 1139 962 εἷς
1156 883 1324 974 Ἀριάνθην
1343 887 1399 956 τόν
1519 969 1522 976 .

223 971 372 1058 Ἀργεῖον·

314 1071 393 1148 Θεὸς
414 1070 488 1148 θεὸς
508 1067 567 1156 πρὸ
589 1067 703 1146 παντὸς
719 1067 813 1156 έργυυ
833 1071 974 1158 βροτείου
996 1077 1083 1162 νωμζι
1105 1071 1188 1160 φρέν’
1211 1067 1397 1159 ὑπερτάταν.

227 1176 278 1242 καλ
298 1174 334 1240 τὸ
356 1175 398 1250 είς
417 1170 599 1258 Νικόδωρον
619 1171 673 1238 τόν
693 1173 874 1238 Μαντινέα·

311 1259 406 1324 Κατὰ
427 1261 559 1341 δαίμονα
579 1261 630 1321 καῖ
650 1255 746 1340 τόχαν
766 1257 807 1336 τὰ
826 1255 927 1322 πάντα
946 1263 1103 1343 βροτοῖσιν
1123 1259 1332 1324 ἐκτελεῖσθαι·

228 1362 294 1448 (cf.
316 1359 401 1428 Sext.
415 1359 529 1449 Empir.
551 1360 617 1424 adv.
637 1359 811 1424 Mathemat.
832 1359 886 1424 IX.
907 1359 959 1425 53.
1002 1361 1064 1426 Pro
1081 1357 1248 1444 Ἀριάνθην
1268 1351 1400 1428 sortasse

226 1443 438 1534 Ἔριάνθην
458 1445 644 1510 scribendum
666 1453 722 1526 est,
738 1443 912 1512 Eriauthem
924 1443 1090 1526 Boeotium,
1109 1447 1266 1534 Lysandri
1287 1449 1400 1526 socium

227 1535 261 1598 in
280 1554 319 1622 pu
344 1555 383 1596 ua
403 1531 480 1620 apud
500 1527 605 1618 Aegos
626 1529 736 1595 flumen
757 1537 898 1594 memorat
918 1529 1050 1595 Pausan.
1071 1529 1110 1596 X.
1122 1533 1200 1614 9‚9.
1216 1533 1400 1598 Nicodorum

228 1639 301 1683 vero
358 1617 576 1697 antinoensem,
603 1615 698 1680 virum
719 1615 829 1680 clarum
856 1623 886 1679 et
926 1616 1094 1680 oularihos
1116 1617 1145 1681 le
1169 1639 1217 1681 um
1238 1625 1400 1700 auctorem,

227 1703 383 1792 Diagorae
409 1721 481 1766 vero
507 1701 631 1765 anticum
658 1708 864 1764 commemorat
891 1636 1010 1765 rieiian.
1030 1700 1104 1770 Var.
1159 1703 1242 1766 istor.
1268 1702 1308 1768 11.
1331 1701 1399 1788 23.)

230 1787 281 1854 Τά
312 1783 512 1870 παραπλήσια
539 1785 570 1850 θ’
602 1783 687 1872 αότῷ
723 1786 849 1868 περιέχει
883 1787 933 1850 καὶ
961 1785 996 1850 τό
1023 1787 1208 1852 Μαντινέων
1236 1785 1400 1870 ἐγκώμιον·

232 1863 326 1938 oium
348 1874 383 1938 δέ
398 1870 491 1946 θεοὺς
513 1871 544 1935 ἓν
564 1879 629 1945 τοῖς
650 1867 884 1955 συγγράμμασιν
905 1868 1139 1953 ἐπονομάζοντες
1160 1868 1294 1958 ἀνῄρουν
1314 1875 1401 1952 ἐξερ-

226 1961 378 2045 γαστικαλς
397 1963 463 2032 τοῖς
483 1951 660 2042 πράγμασιν
680 1958 732 2019 καὶ
753 1952 830 2036 μετά
851 1958 1001 2038 σπουδῆς,
1023 1956 1293 2042 ἀνελευθερώτεροι
1314 1957 1400 2042 γενό-

227 2070 314 2128 μενοι
353 2045 509 2106 Φιλίππου
542 2043 594 2106 καλ
625 2046 687 2105 τῶν
720 2039 820 2104 ἄλλων
853 2037 958 2116 ἅπλῶς
988 2040 1024 2106 τὸ
1060 2049 1146 2107 θεῖον
1180 2039 1399 2127 ἀναιροόντων.

227 2129 307 2196 Illud
328 2149 401 2193 vero
423 2125 625 2192 Athenienses
653 2125 683 2192 ei
703 2127 819 2190 arimini
841 2127 1002 2208 dederuut,
1030 2127 1106 2214 quod
1133 2130 1276 2216 mysteria
1301 2128 1399 2194 divul-

229 2219 342 2304 gasset,
363 2211 423 2277 vid.
444 2210 603 2276 Scholiast.
623 2209 778 2300 Aristoph.
795 2209 874 2274 Avv.
898 2233 924 2275 v.
947 2212 1045 2276 1073:
1070 2218 1180 2278 Ταῦτα
1202 2217 1234 2278 ἐκ
1255 2216 1314 2279 τοῦ
1333 2232 1399 2298 ψη·

230 2303 384 2386 φίσματος
411 2295 548 2380 εἷληφεν·
592 2293 689 2370 οὕτως
721 2293 780 2378 γάρ
807 2293 971 2379 ἐκήρυξαν,
1002 2295 1058 2360 τὸν
1087 2299 1144 2376 μὲν
1178 2299 1399 2364 ἀποκτείναντα

229 2382 323 2449 αὐτὸν
343 2381 494 2447 τάλαντον
519 2379 702 2460 λαμβάνειν,
735 2379 789 2443 τόν
811 2380 844 2442 δὲ
865 2377 1018 2464 ἀγαγόντα
1034 2379 1117 2447 'otu
1157 2381 1336 2470 Ἐκηρόχθη
1364 2385 1400 2454 δὲ

228 2475 322 2536 τοῦτο
350 2465 401 2534 διά
428 2463 463 2532 τὸ
494 2465 601 2546 ἀσεβὲς
628 2463 738 2540 αὐτοῦ,
769 2463 871 2544 ἐπειδὴ
900 2466 938 2528 τά
965 2464 1127 2552 μυστήρια
1146 2475 1240 2544 πᾶσιν
1266 2471 1399 2556 διηγεῖτο

230 2557 410 2620 καινοποιῶν
431 2549 511 2614 αὐτὰ
532 2554 582 2614 καὶ
608 2549 680 2628 τοὺς
701 2550 908 2632 βουλομένους
927 2557 1076 2631 μυεῖσθαι
1101 2553 1296 2636 ἀποτρέπων,
1341 2581 1399 2620 κα-

229 2636 332 2722 θάπερ
355 2637 514 2724 Κρατερὸς
535 2635 657 2720 ἱστορεῖ.
699 2633 787 2700 Adde
809 2637 895 2700 etiam
916 2636 1044 2724 Lysiam
1065 2639 1103 2702 in'.
1118 2637 1265 2706 Andocid.
1308 2643 1399 2708 .209

229 2727 276 2792 ed.
297 2725 436 2791 Bekker:
462 2717 611 2810 Τοσοότηι
634 2719 666 2784 θ’
692 2711 950 2806 οὗτοςΔιαγόρου
971 2728 1028 2786 τοῦ
1049 2726 1178 2806 Μηλίου
1199 2663 1399 2812 ἀσεβίότερος

119 2887 123 2893 ¹
228 2811 398 2897 γεγένηται·
424 2809 534 2884 ἐκεῖνος
553 2808 610 2888 μέν
629 2805 687 2892 γάρ
709 2801 790 2892 λόγῳ
811 2809 878 2890 περὶ
899 2805 939 2870 τά
960 2805 1106 2894 άλλότρια
1128 2809 1266 2896 ἱεράκαὶ
1288 2811 1400 2898 ἑορτάς

227 2897 345 2980 ἠσέβει,
378 2881 468 2970 οὗτος
497 2895 531 2958 δέ
557 2892 634 2978 έργηι
660 2894 727 2978 περί
754 2891 794 2955 τὰ
820 2893 852 2956 έν
877 2897 915 2979 τῇ
943 2889 1039 2957 αὑτοῦ
1058 2891 1273 2980 πόλειζΗοσ
1300 2905 1399 2964 auom

227 2984 349 3064 crimen,
371 3002 427 3066 quo
448 2978 682 3044 Atheniensibus
710 2977 796 3042 etiam
824 2985 900 3060 tum,
927 2995 991 3044 cum
1020 2981 1172 3066 sauctitas
1189 2982 1400 3069 mysteriorum

227 3070 395 3147 imminuta,
427 3072 458 3130 et
482 3065 557 3128 nihil
582 3065 648 3128 iere
674 3063 734 3126 nisi
760 3063 858 3127 inanis
886 3065 1000 3150 species
1028 3066 1147 3130 sinere
1178 3077 1258 3133 esset
1282 3069 1401 3152 relicto,

227 3153 303 3218 nihil
334 3151 488 3216 videbatur
515 3149 654 3236 gravius,
686 3147 762 3210 nihil
788 3147 1009 3231 detestabilior,
1038 3151 1070 3214 in
1088 3151 1263 3241 ‘Diagoram
1290 3153 1398 3222 cader'e

227 3240 292 3328 ipse
312 3236 530 3323 Aristophanes
552 3234 639 3298 etiam
660 3233 693 3296 iu
707 3231 810 3296 ‘Ranis
837 3234 948 3300 indicat
968 3257 996 3299 v.
1018 3235 1100 3300 318:
1367 3233 1371 3244 ’

314 3334 411 3402 Τοῦτ’
436 3333 500 3399 ἴστ’
524 3333 618 3413 ἐκεῖν’,
640 3326 666 3398 ὦ
687 3333 832 3400 δέσποθ’·
854 3335 884 3400 οῖ
903 3332 1091 3418 μεμυημένοι

234 3496 237 3504 1
308 3418 465 3488 Ἐνταῦθά
487 3446 547 3485 που
568 3419 739 3498 παίζουσιν,
768 3416 820 3496 οὓς
841 3418 952 3506 έφραζε
974 3426 1049 3508 νῷν·

303 3506 442 3578 ’Άιόουσι
463 3512 538 3592 γοῦν
558 3505 612 3570 τὸν
631 3504 752 3587 Ἴακχον
774 3503 863 3592 όνπερ
880 3503 1049 3594 Διαγόρας.

230 3615 280 3682 uhi
299 3618 379 3682 recte
401 3607 582 3679 Scholiasta:
625 3611 743 3673 Μελῶν
763 3607 891 3692 ποιητὴς
911 3607 1021 3689 άθευς,
1050 3605 1084 3688 ὃς
1104 3613 1155 3676 καὶ
1177 3611 1266 3678 καινά
1287 3612 1397 3698 δαιμά·

227 3727 278 3767 νια
305 3703 466 3780 εἰσηγεῖτο·
498 3689 611 3765 ,καλό
630 3693 686 3774 μέν
707 3689 906 3780 Ἀρίσταρχος
931 3692 1099 3782 Διαγόρου·
1118 3703 1172 3775 ηὕν
1197 3699 1408 3782 μνημονεάειν,

230 3786 315 3876 φησί,
335 3781 411 3858 τοὺς
431 3777 604 3861 θεοὺςοῧχ
625 3775 666 3854 ὡς
688 3775 816 3866 ᾄδοντος
833 3777 1027 3862 αόνοῖι,·ὀίλλ’
1042 3783 1083 3848 κέν
1103 3785 1237 3874 εἰρωνεία
1258 3787 1396 3868 κειμένου

229 3877 284 3938 τοῦ
306 3869 397 3953 λόγου
425 3865 490 3930 ἀντὶ
512 3870 571 3930 τοῦ.
587 3861 799 3946 χλευάζοντος,
827 3867 1064 3950 έξσρχογμένου·
1095 3863 1303 3943 άνακινεῖοόν
1324 3872 1396 3950 νοός

224 3957 408 4040 Ἀθηναίους
435 3947 452 4016 ὃ
481 3947 627 4032 κωμικός·
663 3945 736 4021 ὅθεν
768 3953 818 4018 καὶ
841 3949 1002 4036 Ἀθηναῖοι
1033 3949 1074 4033 ὡς
1097 3949 1295 4036 χλευάζοντος
1323 3947 1397 4036 τοὺς

229 4044 322 4116 θεοὺς
348 4035 610 4123 κατεψηφισμένοι
639 4032 825 4118 ἃνεκήρυξαν
863 4044 922 4126 τῷ·
938 4039 993 4120 μέν
1025 4037 1220 4126 ιἰναιρῆσοντι
1248 4040 1395 4129 ἀργυρέου

82 4155 85 4160 ·
179 4202 181 4208 ,
228 4124 392 4202 τάλαντον,
413 4129 457 4210 τῷ
479 4123 632 4200 θὲιζῶντα
645 4123 802 4204 κομίσαντι
825 4118 896 4188 δύο·
918 4123 1041 4188 έπειθον
1062 4126 1096 4188 δέ
1116 4128 1166 4190 καὶ
1189 4125 1261 4202 τοὺς
1281 4126 1397 4206 ἄλλους

105 4227 109 4236 “
228 4206 494 4294 Πελοποννησίους
520 4203 561 4284 ὡς
587 4207 708 4291 ἳατορεῖ·
721 4207 881 4294 Καρτερός
907 4211 939 4274 έν
960 4214 997 4294 τῇ
1024 4216 1183 4298 συναγωγῇ
1209 4217 1270 4278 τῶν
1290 4230 1396 4298 ψηφι.

229 4296 364 4382 σμάτων.
404 4295 587 4382 Eumhoua
614 4293 754 4379 quaedam
776 4295 897 4359 numina
923 4295 1077 4360 induxisse
1099 4296 1170 4362 dicit
1191 4295 1395 4376 etiamScim-

227 4383 498 4452 liastaRavennas:
521 4376 680 4466 Διαγόρας
699 4383 799 4461 μελῶν
820 4377 947 4464 ποιητής
961 4374 1067 4465 άθεος,
1090 4377 1123 4459 ὃς
1144 4379 1234 4448 καινά
1248 4384 1394 4461 δαιμόνια
