3042 5070
227 339 270 406 ab
607 329 1015 402 COMMENTATIONES

227 530 283 571 σου
309 503 366 582 τάς
392 502 493 580 αίτίας
516 505 573 584 τῆς
599 503 765 586 συμφοράς
790 497 839 563 tut
860 497 897 563 τό
924 502 1012 564 θεῖον
1032 497 1221 582 άπίπεμπον.
1264 497 1326 566 Διδ
1346 501 1402 566 καὶ

226 586 306 654 κατά
330 614 399 654 τινα
422 586 564 676 χρησιιδν
590 581 750 670 ίκάθηραν
777 583 833 666 τήν
863 588 957 667 νήσον
978 586 1099 668 Δῆλον,
1126 583 1317 664 Ἀπόλλωνος
1342 586 1402 668 μίν

197 751 200 757 ¹
226 668 323 740 οὖσαν
353 670 450 759 ἱεράν,
483 675 638 737 δοκοῦσαν
664 671 698 734 δὲ
717 665 888 750 μεμιάνθαι
910 668 962 733 διδ
988 669 1061 746 τοδς
1087 669 1337 753 τετελευτηκότας
1366 674 1401 738 ἐν

225 761 304 845 αὐτῇ
325 757 498 845 τεθάφθαι.
534 749 785 836 Ἀνασκάψαντες
806 745 860 818 οὖν
886 749 1009 831 ἁπάσας
1028 755 1084 831 τάς
1105 757 1137 820 ἰν
1157 761 1196 841 τῇ
1217 753 1315 842 Δήλῳ
1335 753 1401 838 θή-

225 871 282 920 κας
301 841 484 926 μετήνεγκαν
504 843 547 917 εἰς
566 841 623 923 τήν
638 835 775 922 Ῥήνειαν
796 838 987 922 καλουμένην
1008 845 1115 923 νήσου,
1146 842 1276 923 πλησίον
1295 837 1401 927 όπάρ-

221 955 340 1014 χοοσαν
365 935 419 1011 τῆς
440 923 559 1011 Δήλου·
581 923 692 1000 ίταξαν
721 923 826 988 δὲκαὶ
847 918 941 1004 νόμον
960 920 1037 1008 μήτε
1057 927 1167 990 τίκτειν
1187 928 1220 990 ἐν
1240 931 1278 1012 τῇ
1300 923 1400 1014 Δήλῳ

222 1013 299 1098 μήτε
321 1011 461 1078 θάπτειν.
499 1011 667 1092 Ἔποίησαν
687 1007 721 1072 δὲ
741 1009 792 1071 καί
813 1004 982 1091 πανήγυριν
1007 1008 1144 1090 τὴντῶν
1170 1011 1311 1094 Δηλίων,
1347 1035 1400 1096 γε-

222 1092 901 1268 οιίοιιί..ταμιαίαν
926 1090 1249 1245 butenen
1271 1095 1398 1246 tin

222 1271 299 1336 dinis
326 1292 354 1357 p.
381 1267 440 1332 XX
469 1265 514 1330 ss:
569 1261 663 1329 Μετὰ
695 1261 729 1326 δὲ
759 1199 818 1344 τήτῃ
847 1261 985 1348 ἱστορίαν
1012 1267 1090 1350 φασδ
1119 1261 1324 1347 συντετάχθαι
1351 1204 1397 1354 rip

221 1361 395 1439 συγγραφεῖ
417 1350 452 1415 τδ
480 1349 655 1434 προοίμιον,
691 1347 724 1412 ἐν
746 1337 771 1434 ᾧ
792 1351 854 1410 τῶν
874 1348 906 1412 ίν
927 1353 971 1412 τῶ
992 1349 1117 1436 πολέμῳ
1137 1349 1289 1433 μέμνηται
1308 1374 1397 1436 γεγο-

221 1433 334 1516 νότων,
357 1436 457 1522 ῶσπερ
480 1442 535 1517 τής
556 1429 665 1517 Δήλου
686 1427 870 1516 καθάρσεως
892 1411 965 1515 (viti.
986 1433 1011 1498 Ι.
1032 1434 1077 1518 8.)
1099 1431 1138 1517 ήν
1158 1437 1226 1520 περί
1247 1433 1282 1499 rb
1305 1439 1397 1517 ἕβδο-

220 1549 281 1606 μον
301 1523 368 1599 {tog
389 1523 437 1588 ἐπὶ
459 1515 605 1584 Εὐθύνου
633 1517 833 1602 (scribendum
853 1515 1102 1602 Εὐθυδήμου)
1129 1521 1313 1604 γεγενῆσθαί
1331 1545 1397 1608 φα-

221 1633 279 1674 σιν.
322 1608 446 1673 Factum
467 1605 561 1694 igitur
583 1610 630 1668 est
650 1601 738 1690 Olym
760 1599 990 1672 inmun.
1012 1607 1057 1670 3.:
1100 1603 1210 1670 Hieme
1231 1613 1328 1670 eutem
1349 1607 1396 1671 lu-

221 1700 343 1758 stratam
369 1713 437 1756 esse
463 1689 591 1756 insulam
619 1687 690 1753 dicit
717 1623 913 1772 Mhucydides
939 1685 1093 1755 111.104:
1150 1693 1218 1753 Τοῦ
1240 1689 1271 1754 δ’
1296 1689 1395 1756 αὐτοῦ

217 1784 367 1862 χειμῶνος
392 1779 441 1840 καί
470 1778 577 1858 Δῆλον
603 1769 762 1856 ἐκάθηραν
783 1769 945 1854 Ἀθηναῖοι
970 1770 1051 1836 κατὰ
1076 1773 1217 1860 χρησμόν
1243 1771 1282 1859 δή
1309 1801 1394 1844 τινας

219 1865 318 1948 ibique
345 1867 480 1926 accurate
501 1858 639 1948 exponit,
677 1855 881 1922 Athenienses
909 1857 968 1922 inm
1000 1866 1088 1922 antea
1113 1858 1273 1925 Pisistrato
1301 1861 1394 1928 demi-

219 1957 310 2013 nante
335 1947 462 2011 insulam
489 1967 529 2010 ex
549 1954 633 2033 parte
654 1941 839 2007 lustravisse.
880 1941 961 2008 Delo
988 1950 1084 2008 autern
1131 1951 1239 2032 urgete
1263 1947 1395 2012 restituti

219 2035 307 2098 etiam
329 2040 398 2096 sunt
419 2031 483 2095 dies
504 2030 592 2112 festi,
625 2028 674 2112 qui
701 2033 804 2112 quarte
825 2046 939 2112 queque
960 2048 1039 2093 anne
1059 2028 1092 2092 in
1110 1963 1256 2095 bonorem
1275 2031 1306 2096 A
1326 2032 1394 2098 elli·

218 2119 267 2182 nis
284 2117 435 2182 ‘celebrati
462 2121 562 2180 erant:
605 2114 671 2176 Καὶ
703 2110 759 2194 τὴν
792 2112 1011 2198 πεντητηρίδα,
1050 2113 1146 2198 inquit
1184 2053 1393 2203 Thucyiides,

217 2199 287 2268 τότε
308 2207 430 2287 πρῶτον
449 2199 526 2281 μετά
547 2194 603 2280 τήν
624 2193 780 2280 κάθαρσιν
800 2197 948 2278 ἐποίησαν
968 2197 997 2261 ολ
1012 2195 1188 2280 Ἀθηναῖοι,
1215 2200 1256 2265 τοὶ
1275 2199 1391 2285 Δήλια.

217 2286 338 2353 Musica
359 2292 455 2351 nutem
477 2282 653 2363 certamine,
675 2301 749 2367 quae
771 2281 932 2366 antiquitus
954 2289 1040 2346 erant
1059 2283 1209 2366 institute,
1250 2294 1297 2350 ost
1317 2295 1391 2352 tem-

216 2375 304 2524 Ab
320 2307 1391 2540 ditttttbt'tbttb³3ttttsst2⁵¹¹tbbtt⁸‚tt{ibib-t

215 2541 293 2626 μεθ’
317 2541 406 2626 ἱερῶν
430 2537 574 2622 ἔπεμπον·
600 2535 640 2601 τά
660 2535 694 2600 δὲ
714 2517 782 2620 περὶ
803 2533 876 2613 τοδς
897 2535 1016 2622 ἀγῶνας
1037 2541 1087 2602 καί
1108 2538 1148 2603 τδ
1169 2544 1295 2606 πλεῖστα
1315 2567 1391 2607 κατ-

216 2624 315 2710 ελόθη
346 2623 407 2691 ὑπὸ
428 2627 610 2712 ξυμφορῶν,
644 2617 687 2696 ῶς
713 2617 806 2698 εἰκός,
843 2623 914 2707 πρὶν
941 2622 979 2705 δή
1009 2623 1037 2687 oi
1057 2622 1218 2706 Ἀθηναῖοι
1245 2624 1313 2691 τότε
1334 2627 1390 2693 τὸν

216 2711 321 2798 άγῶνα
341 2711 488 2794 ἐποίησαν
508 2712 559 2774 καί
581 2707 798 2792 ἱπποδρομίας,
820 2703 837 2771 ὃ
855 2702 1003 2794 πρότερον
1024 2707 1079 2772 οὐκ
1099 2701 1147 2792 ἦν.
1177 2710 1270 2776 Delia
1291 2719 1390 2780 autern

215 2819 304 2864 saera
322 2798 461 2863 videntur
480 2795 561 2860 veris
582 2800 714 2883 ternpore
726 2791 943 2892 Thargelienis
962 2793 1010 2858 die
1026 2801 1111 2858 sextu
1133 2800 1163 2860 et
1174 2797 1297 2884 septime
1309 2797 1388 2863 eele-

215 2884 302 2948 brata
317 2905 401 2965 esse,
422 2881 482 2947 vid.
496 2879 667 2946 Beeckbius
679 2881 712 2944 in
733 2879 842 2942 eximre
864 2899 954 2967 opere
975 2880 1012 2943 de
1024 2878 1134 2944 Oeenn.
1147 2877 1220 2944 Ath.
1233 2880 1274 2946 T.
1294 2882 1335 2946 II.
1356 2903 1388 2972 p.

214 2970 294 3034 218:
337 2989 424 3034 sacre
444 2973 540 3032 auten
562 2965 682 3030 deorum
702 2965 885 3053 potissimum
907 2963 1009 3028 diebus
1030 2965 1188 3048 natalibus,
1209 2973 1242 3029 ut
1261 2988 1387 3032 cousen-

214 3059 333 3118 taneum
360 3057 423 3133 est,
461 3050 695 3116 celebrabantur.
745 3047 840 3113 Sexte
876 3054 972 3113 autern
1007 3071 1040 3113 se
1061 3051 1186 3134 timeque
1213 3051 1262 3116 die
1297 3053 1386 3119 huius

214 3139 327 3204 mensis
359 3135 422 3201 nati
455 3135 628 3200 dicebantur
651 3133 761 3224 Apollo
789 3139 819 3198 et
843 3131 959 3214 Diana,
1001 3070 1061 3199 visi.
1087 3134 1181 3222 Ding.
1212 3135 1319 3202 Laert.
1343 3138 1386 3205 Π.

214 3221 267 3289 44.
297 3223 335 3288 de
356 3219 489 3287 Socratis
510 3217 559 3284 die
579 3219 686 3282 natali:
711 3218 928 3303 Θαργηλιῶνος
948 3215 1029 3302 ἕκτη,
1051 3214 1099 3282 ὅτε
1120 3221 1308 3304 καθαίρουσι
1328 3223 1386 3304 τήν

214 3303 304 3372 πόλιν
324 3303 486 3388 Ἀθηναῖοι
513 3305 564 3368 καί
590 3301 647 3385 τήν
666 3299 808 3387 Ἄρτεμιν
834 3301 976 3386 γενίσθαι
1007 3300 1122 3386 Δήλιοί
1146 3328 1250 3390 φασιν.
1278 3313 1308 3371 et
1327 3307 1384 3375 llI.

214 3395 245 3457 2.
267 3392 304 3457 de
324 3390 461 3456 Plutonis
483 3387 530 3455 die
551 3389 659 3454 natali:
705 3388 922 3473 Θαργηλιῶνος
942 3385 1075 3474 ἑβδόμη,
1110 3387 1189 3452 καθ’
1211 3387 1250 3473 ἣν
1270 3391 1384 3475 Δήλιοι

213 3475 268 3540 τὸν
288 3473 465 3542 Ἀπόλλωνα
498 3472 641 3560 γενέσθαι
670 3473 774 3559 φασίν.
820 3471 902 3538 Hine
937 3473 1024 3538 etiam
1056 3475 1264 3562 repetendum,
1326 3475 1384 3546 uod

214 3569 317 3626 sextus
345 3561 483 3647 cuiusque
503 3561 615 3626 mensis
637 3557 700 3624 dies
722 3580 808 3623 sacer
828 3563 894 3622 erat
918 3555 1053 3640 Dianae,
1086 3561 1227 3648 septimus
1278 3499 1384 3710 pilitini

1267 3673 1286 3732 θ

212 3647 273 3712 vid.
295 3644 396 3712 Sebol.
417 3646 521 3712 Ariste
541 3643 571 3708 h.
591 3643 673 3708 Pbut
693 3643 793 3709 1127:
828 3639 909 3718 Ἔξιυ
938 3641 999 3728 γὰρ
1020 3648 1081 3708 τῶν
1101 3643 1216 3731 ἑορτῶν
1241 3646 1266 3710 ἴε
1288 3673 1307 3711 α
1339 3673 1384 3714 τι-

212 3756 262 3808 νες
280 3737 336 3797 τοῦ
356 3729 455 3814 μηνός
473 3667 586 3812 ήμδραι
613 3728 784 3808 νομίζονται
799 3725 948 3812 Ἀθήνησι
981 3734 1065 3806 θεοΐς
1089 3732 1183 3809 τισίν,
1219 3726 1285 3796 οἷον
1310 3759 1384 3798 νου-

212 3819 307 3899 μηνία
327 3819 380 3882 καὶ
401 3811 519 3898 ἑβδόμη
536 3808 717 3889 Ἀπόλλωνι,
750 3813 857 3898 τετρὰς
877 3809 975 3899 Ἑρμῇ
1002 3817 1053 3878 καί
1075 3812 1168 3924 ὀγδόη
1193 3817 1299 3900 Θησεῖ.
1341 3818 1385 3884 Et

212 3903 298 3968 ibin:
325 3897 476 3967 Ἓκάστου
504 3897 563 3984 γάρ
583 3895 680 3981 μηνός
699 3893 720 3980 ή
741 3899 889 3980 νουμηνία
910 3901 959 3963 καί
981 3895 1001 3980 ή
1023 3897 1140 3983 ἔβόομη
1161 3899 1316 3988 άφιίρωτο
1336 3909 1382 3970 τ“

83 4027 88 4039 =
157 4031 163 4041 -
206 3985 389 4064 Ἀπόλλωνι,
419 3983 440 4064 ή
466 3984 501 4049 δι’
527 3981 656 4067 τετάρτη
681 3989 726 4070 τῷ
742 3979 854 4068 Ἑρμῇ,
885 3981 962 4067 ήδί
983 3985 1053 4069 δ’κτη
1075 3992 1113 4073 τῇ
1133 3983 1299 4074 Ἀρτέμιδι.

212 4073 304 4160 longe
324 4072 448 4160 gravier
468 4077 569 4136 auctor
588 4067 739 4135 Hesiodus
761 4069 906 4158 Operibus
926 4091 956 4136 v.
977 4071 1055 4138 768:
1212 4077 1214 4086 “

452 4151 604 4238 Ἑβδόμη,
627 4152 708 4240 ἱερὸν
726 4145 822 4240 ήμαρ,

10 4311 11 4316 1
126 4311 149 4330 ,1
299 4244 349 4328 Τῇ
370 4240 429 4326 γὰρ
458 4237 636 4306 Ἀπόλλωνα
665 4236 827 4324 χρυσάορα
858 4240 976 4324 γείνατο
996 4234 1108 4321 Λητῶ.

90 4363 93 4374 ·
212 4325 328 4393 Confer
346 4325 740 4414 DionysiumArtRbetor.
759 4325 815 4390 ΙΙΙ.
836 4346 866 4414 p.
886 4323 958 4390 243.
978 4323 1101 4390 nerse:
1123 4326 1164 4390 In
1178 4323 1378 4415 δίὲβδόμηή

213 4413 300 4500 ἕκτη,
322 4407 368 4478 ότι
386 4412 462 4498 ίεραλ
473 4416 648 4494 τοῖνθεοΐν,
669 4413 720 4477 καὶ
733 4407 779 4476 ότι
790 4410 931 4478 κοινωνία
941 4407 1019 4498 πρὸς
1028 4408 1065 4476 τὸ
1085 4420 1222 4499 κρεῖττον
1241 4411 1321 4480 κατὰ
1340 4437 1379 4482 το
