3004 5048
329 302 389 372 on
409 301 553 378 namo
574 299 762 398 consona
781 302 887 372 arn.
907 301 1054 388 numo
1204 305 1272 379 ees

98 471 184 539 mine
211 471 328 556 fabula,
370 493 445 558 quae
476 478 572 536 utrum
599 468 779 558 Antiphanis
807 493 846 536 an
872 469 1020 560 Epigenis
1047 481 1128 541 esset
1153 480 1271 543 veteres

98 557 277 622 dubitarunt
298 555 490 646 grammatici.
534 556 660 624 Videtur
681 563 776 620 autern
808 557 934 622 maxime
955 559 1011 622 hoc
1038 567 1211 648 argumento
1233 563 1271 630 ad

95 641 184 705 illam
207 643 351 706 rationem
371 640 530 706 ineundam
550 640 686 706 inductus
708 662 791 724 esse,
833 641 909 726 qnod
929 641 972 706 ita
998 643 1126 710 sedecim
1152 647 1271 712 fabulae

95 747 115 790 a
147 725 247 790 Suida
271 733 498 790 recenseantur:
541 726 661 791 totidem
693 732 787 790 auten]
816 725 951 791 docuisse
977 725 1147 794 Strattidem
1193 732 1271 798 rodit

95 811 232 900 scriptor
262 831 425 898 anonymus
453 811 490 875 de
517 811 681 876 comoedia:
724 817 754 876 et
784 818 864 876 recto
896 811 946 876 ille
974 813 1088 898 quidem
1121 751 1271 882 sehabet

93 915 260 960 numerus:
305 917 405 961 verum
433 893 542 961 Suidas
573 901 763 984 praepostere
784 903 826 960 ,et
848 895 947 985 inepte
979 897 1078 963 titulos
1104 898 1270 968 fabularum

93 977 257 1045 Strattidis
286 982 452 1068 congessit,
478 981 520 1044 ito
549 988 582 1044 nt
606 981 662 1044 hoc
688 979 803 1066 quidem
830 1004 863 1046 ar
888 990 1033 1047 nmentnm
1061 983 1136 1048 nihil
1162 985 1269 1052 valeat.

93 1063 200 1130 Nobis
222 1063 337 1150 quidem
364 1067 453 1128 tutius
475 1073 561 1150 atque
583 1065 647 1152 veri
673 1085 786 1151 quoqne
807 1002 932 1130 similius
954 1067 1084 1150 videtur,
1104 1067 1136 1132 in
1158 1067 1270 1136 Suidae

93 1149 157 1216 isto
181 1149 247 1214 loco
263 1147 392 1232 Ἀγαθολ
414 1147 434 1232 ἢ
452 1147 610 1236 Ἀργυρίου
632 1147 808 1235 ἀφανισμός
828 1153 973 1216 scrihere:
995 1153 1068 1218 salis
1090 1153 1169 1219 enim
1189 1160 1270 1220 uler-

93 1255 156 1321 qne
193 1233 295 1298 titulus
328 1233 446 1298 fabulae
479 1239 653 1335 argumento
684 1235 829 1303 convenit.
870 1235 948 1300 Nam
974 1235 1172 1304 Pherecrates
1204 1239 1270 1306 sivo

93 1319 267 1418 quicunque
288 1318 364 1382 alins
385 1325 496 1401 auctor,
517 1341 549 1384 ιιι
571 1320 626 1383 hac
639 1319 798 1401 comoedia,
820 1328 957 1406 quantum
974 1322 1089 1407 quidem
1109 1321 1270 1390 divinando

94 1425 224 1488 assequr
244 1403 323 1484 licet,
344 1403 431 1468 finxit
452 1426 571 1468 aureum
593 1405 678 1490 quasi
700 1403 841 1490 quoddam
863 1406 1012 1471 saeculnm
1032 1427 1137 1472 rursus
1157 1409 1269 1492 redire,

94 1510 165 1552 cnm
189 1509 292 1552 aurum
314 1489 499 1572 evanuisset,
527 1489 609 1554 cuius
630 1489 779 1554 illecebris
801 1501 887 1574 atque
907 1491 1080 1574 lenociniis,
1107 1515 1171 1558 cunr
1193 1495 1270 1583 capti

92 1581 275 1638 tenerentur
306 1571 463 1656 homines,
506 1573 686 1662 gravissima
726 1595 838 1639 morum
872 1576 1038 1676 corruptela
1073 1599 1107 1642 ac
1148 1580 1269 1644 mutatio

93 1664 181 1724 esset
209 1661 331 1739 exorta,
361 1679 418 1744 qno
440 1659 555 1743 quidem
582 1658 699 1722 saeculo
727 1659 861 1723 homines
883 1661 970 1724 otiosr
996 1667 1026 1724 et
1051 1661 1128 1728 labis
1150 1665 1269 1730 omnino

93 1748 240 1832 expertes
265 1742 355 1808 vitam
385 1745 458 1807 hene
485 1744 628 1828 beateque
661 1745 880 1830 transigerent:
921 1745 964 1808 ita
983 1766 1020 1809 ne
1049 1747 1151 1811 fabula
1183 1749 1270 1814 modo

90 1825 226 1912 Ἅγαθαί
248 1825 510 1926 ιιιοδο,ᾌργνρίοο
532 1826 706 1925 ἀφανισμός
727 1837 774 1892 est
793 1828 943 1977 inscripta.
965 1765 1006 1894 lit
1025 1829 1081 1894 hoc
1102 1834 1269 1899 comoediae

93 1919 417 2076 tgtltllttld
444 1911 852 2062 ltlthlt'ttlstt
865 1913 1271 2086 allillllalll'chfll

87 2079 248 2166 Ἀγαθοῖς,
267 2077 461 2164 Φερεκράτης
480 2077 499 2164 ἢ
521 2076 671 2166 Στράττις
692 2081 784 2168 φησί·
809 2103 813 2118 ·

184 2159 386 2244 Λονσόμενοι
408 2165 441 2229 δὲ
462 2163 522 2249 πρὸ
543 2171 689 2251 λαμπρᾶς

180 2246 319 2330 Ἡμέρας
340 2251 372 2314 ἒν
391 2259 456 2326 τοῖς
476 2248 729 2335 στεφανώμασιν,
752 2249 781 2314 ol
802 2247 834 2315 δ’
858 2251 891 2316 ἓν
910 2257 955 2342 τῷ
975 2249 1066 2342 μόρῳ

183 2335 321 2397 Λαλεῖτι
343 2336 410 2419 περὶ
431 2335 622 2417 σισυμβρίων
642 2331 902 2416 κοσμοσανδάλων
917 2338 997 2424 ταί)

86 2417 249 2504 ,Loquitur
261 2418 343 2508 enim·
360 2425 447 2508 poeta
459 2420 578 2486 devita·
590 2421 824 2514 heatalillorum,
847 2422 896 2508 qui
917 2445 977 2488 non
998 2429 1030 2488 nt
1045 2422 1115 2489 olim
1136 2424 1268 2512 publicas

93 2524 147 2568 res
181 2510 303 2592 crepent
329 2503 362 2567 in
387 2505 470 2588 foro,
513 2505 567 2570 sed
593 2506 626 2569 in
653 2508 813 2594 unguentis
841 2516 871 2571 et
896 2508 1015 2574 corollis
1043 2515 1157 2597 tempns
1184 2510 1269 2574 varin

95 2609 237 2652 sermone
260 2587 372 2653 [allant.
415 2589 451 2652 ln
473 2589 539 2654 foro
561 2597 658 2654 autem
686 2593 882 2678 unguentario
910 2601 939 2657 et
961 2591 1117 2658 corollario
1137 2592 1268 2660 Athenis

93 2672 235 2737 homines
257 2673 554 2738 otiosi'conlahnlari
575 2675 726 2754 solebant,
753 2675 812 2739 vid.
834 2697 933 2763 supra.
976 2675 1099 2764 Copiam
1121 2685 1217 2742 antem
1238 2685 1268 2742 et

93 2756 283 2821 affluentiam
300 2757 428 2821 omniurn
449 2779 549 2822 rernm
571 2779 606 2822 eo
629 2778 703 2822 aevo
723 2759 851 2823 futuram
873 2781 941 2824 esse
961 2759 1159 2850 poeta'tinxit,
1181 2765 1268 2848 quor·

92 2863 158 2906 sum
186 2848 325 2928 spectare
353 2841 480 2906 arbitror
504 2842 572 2907 illos
598 2863 720 2926 versuS,
746 2863 819 2929 qnos
840 2843 1013 2912 Athenaeus
1033 2845 1073 2910 X.
1094 2867 1123 2934 p.
1144 2844 1208 2912 415
1230 2845 1267 2912 C.

91 2926 199 2990 affert:
252 2921 400 3000 Τοιοῦτός
431 2927 495 2990 ἔστι
529 2929 580 2991 καλ
612 2923 629 2992 ὅ
656 2925 741 3014 παρὰ
770 2924 950 3015 Φερεκράτει
982 2927 1204 3020 ἢᾸΣτρόττιδι
1239 2935 1272 2998 ἐν

85 3008 256 3096 Ἀγαθοῖς,
278 3012 346 3093 περί
369 3000 536 3097 adpropero·

174 3098 227 3161 Α.
245 3093 328 3178 Ἐγὼ
349 3099 502 3160 κατεσθίω
522 3093 611 3177 μόλις
631 3102 685 3178 τῆς
705 3093 822 3182 ἡμέρας

172 3179 288 3244 Πίνθ’
313 3176 491 3262 ἡμιμέδιμν’
516 3183 569 3246 ἐὰν
588 3179 752 3264 βιάζωμαι.
794 3185 835 3246 Β.
856 3179 977 3268 Mill-195

170 3262 236 3341 Ὡς
258 3263 425 3348 ὀλιγόσιτος
445 3257 525 3349 ἦσθ’
550 3265 612 3352 ἄρ’,
641 3266 675 3343 ὃς
696 3267 866 3345 κατεσθίεις

182 3356 254 3435 Τῆς
275 3346 395 3435 -ἡμίρας
413 3357 536 3438 μακρᾶς
556 3347 699 3440 τριήρους
720 3353 811 3418 σιτία.

165 3654 195 3722 ·)
221 3655 340 3708 Λαλεῖτε
357 3655 598 3711 scribendumesse
614 3659 749 3729 perspexit
765 3660 902 3712 Dobraens
920 3661 953 3713 ad
969 3660 1103 3732 Aristoph.
1120 3663 1263 3716 Ecclesiae.

96 3739 125 3790 p·
136 3724 201 3789 tem
219 3739 281 3775 nam
294 3724 506 3789 coddlatelror,
524 3728 594 3794 qnod
611 3734 638 3780 et
654 3727 800 3780 sententiae
817 3734 844 3781 et
860 3729 977 3782 numeris
994 3731 1154 3798 adversetur,
1172 3748 1265 3800 quem-

97 3807 177 3858 quam
194 3794 276 3856 vulgo
293 3791 363 3844 hunc
379 3809 483 3844 versum
500 3810 554 3845 non
576 3795 728 3849 satis'recte
745 3797 843 3849 induo
860 3799 977 3851 membra
994 3798 1201 3886 discerpserunt,
1224 3805 1266 3854 est

97 3858 168 3911 enim
186 3859 356 3928 Euripideus,
374 3877 451 3928 quem
468 3864 601 3930 appellant
618 3864 787 3916 Grammatici
818 3865 873 3918 vid.
890 3867 934 3917 He
952 3865 1053 3919 haestio
1069 3885 1098 3936 p.
1116 3865 1165 3920 94:
1188 3867 1265 3919 Atto

98 3920 198 3978 τούτου
216 3925 329 3978 ἔλαττον
346 3922 414 3978 κατὰ
432 3922 481 3992 τὴν
506 3929 664 3998 τελευταίαν
687 3904 825 3998 callepio
847 3928 877 3984 τὸ
895 3885 1069 4003 καλούμενον
1086 3929 1265 4006 Εὐριπίδειον

98 3989 501 4064 τεσσαρεσκαιδεκασόλλαβονι
520 3999 581 4048 οἱον
597 3992 674 4066 παρδ
690 3997 745 4069 μὲν
760 3995 837 4066 αὐτῷ
853 3996 1008 4072 Εὐριπίδῃ·

199 4071 283 4142 Ἑῷος
299 4072 371 4146 ἡνίχ’
392 4072 513 4138 ἱππότας
528 4078 685 4152 ἐξέλαμψεν
702 4074 797 4154 ἀστήρ.

99 4154 178 4230 παρά
197 4158 228 4212 δὲ
242 4155 428 4232 Καλλιμάχῳ·

197 4235 304 4297 'Esset’
320 4240 463 4298 Ἀπόλλων
479 4247 517 4313 τῷ
530 4249 619 4321 χορῷ,
643 4250 689 4314 τῆς
704 4241 787 4320 λύρης
803 4243 910 4305 duodo·

202 4313 261 4362 Kal
277 4312 332 4365 τοῖν
345 4307 471 4385 Ἐριότων
485 4313 632 4387 ᾐσθόμην·
650 4316 739 4370 ἔνεστι
761 4315 928 4388 κάφροδίτα.

103 4393 199 4448 Verum
218 4396 313 4450 cornici
337 4413 442 4467 quoque
464 4407 558 4468 poetae
574 4403 665 4456 eodem
687 4420 797 4456 numero
816 4406 856 4457 nsi
873 4410 945 4458 snat.
