3052 5060
273 327 341 400 1⁵0
518 336 522 348 '
654 319 1055 396 demurmurans
1141 325 1144 330 '

273 497 461 580 sententiam,
481 515 556 582 quae
576 491 741 559 fabularum
761 492 913 558 involucro
935 493 1047 574 subest,
1067 512 1104 556 ea
1124 461 1250 574 sitione,
1272 493 1434 594 quaeipsis

273 584 383 651 fabulis
416 581 566 661 convenit,
598 579 870 660 conformaverunt,
891 584 941 642 ,at
972 597 1044 642 vero
1077 573 1254 665 Euripides,
1287 579 1434 664 ingemun

273 669 430 736 luxurians
451 673 481 732 et
500 663 627 730 effusum
648 665 753 730 nolens
775 663 910 750 angustis
928 662 977 726 his
999 661 1133 726 torminis
1148 661 1434 743 coerceri,-liberius

274 777 310 820 ea
329 755 522 832 monomenta,
538 769 617 835 quae
628 749 737 815 fabulis
757 749 870 829 insum,
890 747 967 812 solet
987 747 1104 833 fingere
1119 768 1154 812 ac
1174 747 1339 834 refingere,
1358 749 1399 814 ita
1408 760 1437 813 ut

237 871 239 880 v
274 859 347 928 opus
372 837 462 927 plane
481 855 589 900 nouum
611 842 641 898 et
652 835 694 898 ab
716 834 835 919 antiqua
855 833 954 920 specie
974 831 1124 896 diversum
1149 831 1307 913 exhibeat,
1333 833 1366 898 in
1385 854 1436 920 quo

274 925 342 1011 quid
363 925 444 1011 ipse,
465 920 535 1006 quid
555 917 693 1004 aequales
714 919 844 984 sentiant
864 916 989 1002 quidque
1010 921 1126 1004 experti
1153 916 1214 980 sint
1234 917 1327 982 multo
1348 920 1436 1005 magis

274 1016 403 1098 spectet,
430 1028 515 1092 quam
536 1004 605 1090 quid
623 1003 791 1070 fabulamur
821 1002 944 1090 ingenio
966 1002 1007 1066 sit
1031 1002 1286 1068 accommodatum.
1329 1001 1439 1068 Maiora

274 1097 346 1160 uero
360 1091 362 1101 ’
374 1093 462 1158 etiam
483 1089 604 1156 licentia
632 1089 735 1153 comici
760 1094 863 1176 poetae
885 1087 932 1151 usi
952 1086 1069 1154 fabulas
1089 1087 1131 1151 ita
1151 1088 1389 1170 conformarent,
1412 1096 1440 1152 ut

294 1200 398 1244 renus
415 1175 605 1278 praesentiae
626 1173 878 1246 accommodarent
903 1178 990 1258 atqua
1010 1173 1066 1236 hoc
1087 1178 1223 1258 tanquam
1246 1173 1344 1258 aliquo
1365 1175 1447 1238 iuro·

274 1201 428 1332 leomansi
454 1260 632 1351 propositam
655 1257 847 1339 sententiam,
869 1277 955 1342 quam
981 1256 1194 1342 sequebantur,
1217 1258 1439 1334 subindicarent

276 1349 359 1416 Sane
390 1354 486 1412 summ
513 1343 715 1410 difficillimum
748 1348 811 1424 est,
851 1342 1015 1406 institutum
1046 1331 1191 1407 eiusmodi
1223 1343 1440 1426 comoediarum,

277 1456 343 1502 cum
370 1435 424 1534 sub
450 1430 582 1531 imagine
607 1429 661 1530 illa
686 1427 887 1493 absconditum
913 1426 1019 1508 lateat,
1049 1447 1089 1491 ex
1114 1427 1216 1527 paucis
1244 1429 1398 1530 praecipue
1416 1436 1441 1494 et

278 1511 1193 1684 still„tttttttttttal“ttttgtttdt
1222 1515 1442 1687 iliiiiiiai

277 1689 441 1769 materiam,
462 1708 528 1751 cum
548 1706 623 1771 qnae
644 1689 732 1750 antea
752 1687 854 1748 essent
874 1683 911 1747 ab
933 1683 1024 1771 epicis
1040 1687 1070 1747 et
1078 1683 1201 1770 tragicis
1225 1687 1321 1772 poetis
1342 1707 1441 1772 magna

278 1796 344 1840 rum
380 1772 525 1861 dignitate
565 1777 712 1852 tractum,
760 1769 795 1832 in
831 1767 1021 1832 festivitatem
1061 1766 1270 1854 levitatemque
1308 1791 1441 1835 conversa

277 1865 400 1942 essem,
421 1864 507 1943 atque
527 1856 560 1920 iu
581 1877 697 1921 summa
714 1853 761 1918 rei
777 1853 900 1919 levitate
920 1852 1031 1941 grandi
1051 1865 1149 1917 tamen
1170 1856 1304 1920 sermoni
1325 1862 1355 1920 ot
1373 1854 1441 1918 ultra

278 1966 404 2011 soccum·
425 1942 598 2030 assurgenti
627 1942 754 2026 itemque
781 1939 884 2004 metris
911 1960 931 2003 a
956 1937 1106 2003 comoedia
1138 1938 1228 2027 paulo
1261 1940 1441 2007 alienioribus

277 2030 360 2097 lutcus
381 2034 463 2096 esset
483 2027 578 2092 datus.
619 2025 683 2090 Iam
703 2045 776 2090 vero
796 2045 857 2088 non
878 2024 972 2112 potuit
991 2044 1052 2088 non
1072 2023 1139 2088 fieri
1160 2030 1192 2087 ut
1212 2026 1318 2090 comici
1339 2032 1441 2114 poetae,

278 2117 323 2180 sic
343 2136 409 2179 cnm
428 2111 542 2178 ludicra
562 2103 760 2176 admiscerent
779 2109 910 2189 seueris,
930 2111 1042 2196 passim
1063 2107 1151 2174 etiam
1171 2108 1244 2174 illos
1265 2118 1380 2199 poetas,
1399 2109 1441 2196 qui

152 2255 155 2262 ,
278 2205 366 2266 antea
377 2198 467 2264 inhis
487 2196 562 2286 ipsis
584 2196 767 2282 argumentis
782 2195 894 2258 versati
907 2193 1036 2273 fuerant,
1056 2193 1299 2294 perstringerent
1315 2217 1349 2260 ac
1368 2203 1440 2259 nota·

278 2290 360 2350 rent:
393 2303 495 2348 verum
521 2301 583 2344 uun
607 2280 666 2344 fuit
685 2279 744 2343 hoc
761 2278 932 2365 primarium
958 2277 1047 2342 totius
1074 2278 1201 2343 instituti
1222 2281 1392 2362 consilium,
1414 2277 1440 2344 id

297 2368 357 2434 uod
371 2367 455 2432 ¹falso
480 2365 613 2454 plerique
640 2363 784 2428 homines.
800 2362 879 2428 docti
898 2361 1078 2428 existimant.
1121 2363 1184 2431 lam
1205 2385 1287 2432 vero.
1302 2373 1440 2432 reverten-

299 2475 350 2520 um
370 2457 417 2518 est
438 2449 476 2516 ad
498 2447 615 2516 Cratini
635 2447 753 2515 Ulixes.
1031 2495 1033 2502 .
1286 2514 1288 2518 ,
1369 2481 1373 2488 -

364 2537 506 2605 Cratinus
526 2533 652 2600 Homeri
671 2531 802 2620 vestigia
825 2530 997 2620 plerumque
1017 2539 1134 2600 secutus
1154 2533 1197 2600 ita
1223 2536 1343 2602 videtur
1366 2534 1440 2601 insti·

279 2624 385 2706 tuisse,
406 2630 439 2687 ut
458 2620 544 2696 nauis
559 2619 679 2686 Ulixem
701 2624 787 2702 atque
808 2618 905 2684 socios
926 2618 1028 2685 ferens
1049 2619 1175 2708 remigio
1197 2621 1440 2687 concitatousain

280 2729 372 2776 scena
392 2707 630 2796 conspiceretur:
652 2724 791 2790 quorsum
812 2708 926 2790 spectat
944 2701 996 2768 ille
1018 2723 1138 2787 semus,
1160 2725 1248 2792 quam
1270 2705 1439 2796 Hephaestio

279 2795 395 2906 profert
428 2814 458 2882 p.
479 2790 550 2858 462.
575 2786 645 2854 “Orc
664 2785 769 2867 μέντοι
796 2791 848 2854 καὶ
872 2789 914 2853 ιέν
941 2791 985 2874 τῷ
1006 2773 1249 2876 Ἅριιλτοφιινελιιι
1275 2790 1431 2873 ιιιιλιιιιμλι

280 2875 461 2966 οδιιιφόρως
481 2873 648 2962 εὑρίσκεται
664 2871 680 2938 ὃ
702 2869 888 2958 πορσλήγων
908 2869 1097 2951 ἀνάπαιστος
1109 2871 1129 2960 ἢ
1142 2880 1303 2954 σπονδεῖος
1323 2872 1439 2960 δηλώσει

279 2969 453 3075 Κροτῖνος·
496 2965 538 3038 εἰς
564 2959 623 3048 γὰρ
653 2957 728 3036 τοὺς
749 2956 920 3042 Ὀδυσσέας
948 2958 1117 3042 εἰσβάλλων
1147 2957 1250 3050 τούτῳ
1277 2968 1321 3053 τῷ
1345 2961 1439 3044 μέτρῳ
1507 3039 1508 3056 ¹

281 3055 476 3208 &inaudisse
510 3119 551 3194 orl
585 3125 698 3209 πόντον
731 3125 894 3210 κατέχονσ’
925 3121 1038 3236 udpcrj
1078 3130 1172 3218 νέφος
1204 3128 1349 3219 adoriatur
1375 3123 1437 3193 τόδ’

964 3239 1095 3300 ορωμαι.
1171 3257 1173 3262 -

157 3279 160 3285 ¹
279 3304 381 3374 Utitur
404 3307 503 3368 autem
528 3300 585 3366 hoc
604 3307 695 3366 versu
716 3295 824 3368 Ulixes
845 3305 896 3364 aut
916 3301 992 3384 quod
1012 3301 1304 3389 probabiliusetiam
1324 3299 1439 3374 ridetur,

279 3391 387 3457 chorm
408 3388 555 3453 sociorum
581 3408 646 3452 cum
666 3391 753 3451 nocta
774 3385 940 3471 caliginosa
966 3385 1004 3452 ad
1025 3384 1189 3478 Cyclopum
1216 3389 1343 3456 insulam
1368 3401 1440 3449 aocc-

280 3475 370 3556 dunt,
390 3471 450 3543 vid.
471 3471 595 3544 Homer.
616 3470 673 3538 (ld.
693 3469 748 3536 IX.
768 3469 849 3536 ‘1422

358 3557 460 3624 Ἔνθα
481 3555 697 3639 κατεπλέομεν·
719 3553 774 3620 καί
790 3579 837 3631 τις
857 3551 932 3630 θεὸς
952 3551 1111 3639 ἡγεμόνευε

365 3641 485 3712 ΝελιιεοιΙ
498 3640 535 3708 δι’
560 3639 726 3729 ὀρφναίην·
747 3638 820 3706 οὐδὲ
841 3637 1042 3728 aquimolos?
1066 3641 1206 3708 ἰδέσθαι·

280 3779 284 3786 .
364 3727 441 3813 Ἀὴο
459 3726 518 3812 γορ
539 3728 626 3812 παρὰ
646 3727 735 3810 aquai
754 3729 855 3807 βαθεῖ
868 3715 925 3808 ’ἦν
947 3725 1019 3790 οὐδὲ
1039 3725 1148 3811 σελήνη
1175 3759 1178 3764 ·

359 3810 554 3899 εΟιλρονόθεν
566 3809 656 3898 :apori
682 3831 760 3881 οινε·
774 3811 938 3896 ΙΙνιοιτελχιεέο
959 3811 1017 3897 γὰρ
1039 3814 1203 3898 νεφέεσσιν.

281 3908 314 3968 et
331 3915 408 3986 qnae
428 3904 599 3985 sequuntur.
670 3919 753 3963 orma
773 3897 870 3965 media
899 3891 1018 3984 ὁρῶμαι
1024 3944 1034 3976 ,
1061 3899 1105 3964 uti
1125 3899 1202 3965 aliae
1222 3897 1323 3988 plures
1343 3893 1373 3961 iu
1391 3888 1441 3952 11³⁰

282 3986 445 4066 comoeda,
463 4005 504 4050 ex
524 3984 672 4073 epicorum
691 3989 844 4072 puetarum
864 4003 920 4048 usu
932 3984 1025 4048 ascite
1045 4005 1113 4050 esse
1135 3984 1260 4065 uuam,
1281 3989 1440 4068 quaruqutl⁸

283 4071 371 4138 etiarn
391 4069 609 4160 Aristophanes
629 4067 722 4158 vesp
743 4090 772 4138 ιι.
795 4067 858 4134 183
878 4069 911 4134 in
931 4089 1022 4134 versu
1043 4070 1175 4134 trimetro
1197 4091 1234 4136 ea
1253 4088 1324 4134 usus
1346 4067 1402 4128 est:

367 4157 483 4237 Ποῖονς
504 4153 575 4241 φέρ’
600 4155 731 4238 idoncos,
752 4153 916 4232 ,Toososd
940 4153 1039 4219 Τοντλ
1057 4155 1090 4218 τί
1107 4146 1158 4235 ἧος
1250 4206 1253 4214 .

285 4241 335 4308 tu
355 4240 479 4308 eandem
503 4261 578 4308 nero
607 4241 733 4308 fabulae.
751 4245 865 4329 paron
891 4239 1020 4328 pertinet
1040 4240 1129 4306 etiam
1149 4239 1201 4305 ille
1222 4257 1347 4314 versus,
1365 4244 1440 4314 men

283 4326 468 4416 Hephaestio
496 4326 599 4394 eodem
627 4327 693 4392 loco
723 4325 870 4416 proponit·
884 4325 979 4394 iufra:
1018 4322 1166 4410 Ἔνιολησε
1191 4324 1229 4390 st
1252 4345 1320 4402 εινιι
1346 4311 1441 4392 στίχον

282 4413 342 4484 sal·
356 4411 505 4500 σιιονδελῳ
525 4417 570 4501 τῷ
592 4406 800 4500 σορολήγονει
819 4405 1019 4498 mappulam·
1293 4433 1298 4455 ·
