3004 5048
321 353 380 426 DE
403 352 547 431 REthl.
567 351 755 424 conoul).
775 353 881 423 ATT.
902 355 1049 438 ANTIQ.
1200 359 1266 429 ⁸0³

97 523 200 592 men
220 521 285 590 loco
306 523 460 614 Eupolidis
480 523 639 590 munem
659 523 887 590 Atheniensium
907 525 1070 592 irridentis.
1099 524 1163 592 lstu
1182 529 1270 593 vani-

95 617 160 676 tate
176 609 404 675 Atheniensium
425 610 531 675 callide
550 610 594 676 uti
614 609 747 674 sciebant
764 609 860 698 legati
881 611 1005 676 aliorum
1025 611 1185 693 civitatum,
1206 613 1267 678 uid.
1371 667 1372 674 ,

94 691 251 783 Aristoph.
273 694 404 760 Acheru.
425 695 617 762 cos-616.
650 689 776 764 Videtur
796 703 892 759 autern
913 695 1045 784 Eupolis
1058 696 1132 761 haec
1153 698 1267 763 dixisse

94 781 128 845 in
150 780 281 844 dramate
309 781 396 868 paulo
425 789 493 869 post
513 779 704 869 Sphacteriae
731 781 980 928 expugnationem
1002 781 1069 845 dato
1095 803 1191 868 neque
1214 805 1267 847 exa

95 871 248 954 spectasse
282 864 349 930 dum
380 883 430 930 res
460 872 605 930 uetustate
637 865 703 953 ipsa
735 887 768 929 re
782 865 916 930 uixisset.
960 864 1036 938 Quid
1064 866 1140 952 quod
1173 868 1267 932 tribus

94 958 257 1038 quatuorve
278 951 365 1015 anuis
385 950 553 1040 postillam
575 951 823 1038 expugnationem
837 949 932 1016 Cleon
952 951 1130 1015 in'Phrasia
1151 953 1266 1034 cecidit,

95 1036 232 1122 quisivit
250 1035 283 1099 in
300 1037 487 1124 fragmentot
511 1035 637 1101 Omnino
658 1034 730 1099 talia
751 1035 872 1099 multum
892 1035 996 1100 iactari
1017 1036 1124 1118 solent,
1145 1047 1266 1102 recente

94 1139 197 1186 eorum
219 1122 377 1202 memoria,
409 1141 478 1186 mox
498 1141 571 1185 uero
613 1121 709 1186 unitus
731 1121 764 1184 iu
785 1120 962 1186 oblivionem
982 1121 1100 1186 abeunt.
1142 1120 1183 1184 Et
1203 1143 1269 1186 cre·
1325 1172 1329 1178 .

93 1205 197 1272 demus
214 1204 325 1286 Suidac
346 1205 559 1272 ιίοΕολιοΙολιι
590 1143 700 1269 bubuli
722 1210 752 1268 et
771 1202 926 1293 Eupolidis
947 1207 1067 1270 nomina
1088 1207 1175 1270 etiam
1197 1207 1269 1272 alibi

93 1291 237 1371 confusa,
264 1291 333 1356 vide
354 1311 428 1376 quae
456 1291 519 1355 dixi
545 1291 578 1354 in
605 1290 838 1363 Zimmermanni
858 1289 1026 1354 Annalibus
1049 1291 1133 1357 1837
1157 1291 1214 1356 Nu.
1234 1294 1268 1374 5,

93 1375 172 1462 quod
198 1377 424 1465 praeoccupavit
450 1373 623 1446 Meinekius
645 1373 766 1448 Quaest.
788 1373 877 1440 Scan.
899 1373 952 1464 Sp.
973 1375 1029 1439 Ill.
1051 1397 1079 1464 p.
1100 1378 1151 1440 23.
1173 1375 1268 1441 Athe-

92 1462 217 1525 nienses
246 1468 341 1526 autem
368 1461 420 1527 illo
450 1459 516 1550 ipso
546 1467 698 1548 tempore,
732 1480 788 1559 quo
817 1457 891 1524 Cleo
917 1461 1091 1546 necopinato
1117 1460 1270 1526 victoriam

91 1545 175 1610 illam
198 1545 236 1610 de
258 1545 413 1634 Spartanis
434 1552 653 1634 reportaverat,
682 1544 773 1608 nimra
793 1543 905 1607 laetitia
926 1547 1090 1630 gestientes
1110 1545 1169 1608 iam
1191 1568 1271 1610 sum-

92 1651 171 1696 mam
192 1630 361 1696 felicitatem
384 1651 559 1716 aureamque
574 1629 662 1776 quasi
690 1633 814 1692 aetatem
836 1628 1000 1692 restitutam
1021 1629 1060 1692 iri
1081 1628 1194 1696 volucri
1215 1653 1269 1718 spe

92 1715 202 1816 agitati
222 1717 433 1816 opinabantur,
454 1717 552 1800 itaque
602 1712 697 1800 upolis
719 1713 795 1775 hauc
817 1711 995 1778 comoediam
1016 1716 1165 1798 Χρνοοῦν
1186 1716 1271 1798 γένος

92 1809 249 1888 ruscrrpsut
277 1802 453 1885 chorumque
481 1821 520 1864 ex
541 1793 721 1886 Cyclopibus
752 1797 928 1884 composuit,
960 1797 1037 1886 quod
1063 1801 1270 1885 cognoscimus

93 1906 135 1951 ex
157 1884 326 1950 Scholiasta
346 1885 483 1950 Platonis
512 1905 549 1990 p,
563 1884 642 1950 320:
686 1877 821 1955 Εὔπολις
846 1883 965 1969 Χρυσῷ
992 1880 1270 1968 plantmerleta

92 1966 281 2035 Κυκλώπων
302 1966 479 2033 κατάκλισιν
499 1964 636 2047 τοίνομα
658 1963 755 2040 οίίτως
775 1967 884 2115 ρρησίν·

500 2049 572 2115 Ἐπί
588 2050 620 2114 τ’
644 2049 750 2133 εἴσειμ’
808 2047 888 2115 acite
907 2050 1013 2132 μτίνας
1042 2083 1046 2088 ·

181 2137 239 2211 Εἲς
260 2132 413 2216 α’ίμιλλαν,
435 2133 491 2200 sev
511 2137 555 2220 μὴ
575 2136 691 2222 μετίῃς.

92 2213 244 2287 lta'enim
270 2220 345 2286 haec
365 2221 544 2322 corrigenda
564 2229 642 2286 sunt
686 2219 834 2308 Cyclopes
856 2224 953 2284 autem
972 2219 1105 2302 induxit,
1135 2219 1273 2306 quoniam

91 2307 177 2372 lama
199 2305 358 2390 antiquitus
380 2307 489 2371 tradita
507 2304 581 2388 fuit,
603 2307 672 2371 oliuu
689 2303 837 2393 Cyclopas
858 2304 993 2369 homines
1014 2307 1122 2393 probus
1144 2313 1174 2370 et
1194 2307 1270 2398 pios,

92 2390 218 2456 eosdem
245 2391 351 2454 arbum
376 2388 587 2456 solertissimos
617 2396 772 2471 auctores,
800 2396 910 2454 terram
936 2390 1097 2455 incoluisse
1124 2392 1273 2478 vitamque

90 2473 484 2628 {illnl‘lelhtntil
505 2474 1104 2626 ἓίῆζῖλίλίὲῗλίιίθὲὴλῖλφίλι
1123 2477 1253 2626 hill

90 2645 251 2713 Phaeacas
272 2645 385 2734 pariter
404 2651 491 2728 atque
511 2581 662 2736 (illelopas
682 2580 817 2706 Dleodum
839 2603 987 2706 eousdrtio
1008 2605 1069 2708 lini
1089 2645 1249 2732 gloriatur·

180 2730 254 2794 Atel
274 2728 332 2813 peip
354 2729 389 2792 τὸ
411 2727 562 2812 πιίροσγε
583 2725 653 2790 θεοί
673 2727 834 2810 φαίνονται
856 2728 990 2809 ἐναργεῖς

176 2809 288 2894 Ἡμῖν,
316 2805 379 2879 εὖτ’
404 2811 540 2899 ίρδωμεν
560 2810 741 2904 ἀγακλειτὰς
762 2806 945 2891 ἑκατόμβας,

184 2899 358 2964 Δαίνυνταί
375 2921 408 2964 τε
429 2897 504 2982 παρ’
529 2894 610 2978 ι’ίμμι
631 2892 815 2982 καθήμενοι,
838 2893 972 2979 ’ἔνθαπερ
993 2891 1088 2977 ἡμεῖς.

182 2986 224 3048 Εἰ
244 2981 278 3047 d'
301 2980 363 3069 ἄρα
384 3005 432 3059 τις
451 2984 501 3046 καί
522 2987 639 3063 μοῦνος
659 2979 714 3044 ἰών
734 2976 909 3065 ξίμβλιρται
930 2977 1042 3061 ὁπλίτης,

189 3064 268 3132 otu
289 3065 570 3154 κατακρύπτουσιν·
590 3066 658 3132 ἐπεί
675 3087 782 3152 σφισιν
804 3063 931 3150 ἐγγύθεν
951 3066 1044 3148 εἰμέν,

177 3151 297 3238 Ὥσπερ
319 3149 488 3229 Κύκλωπές
507 3177 540 3216 τι
561 3154 611 3216 καί
632 3149 726 3235 ἄγρια
748 3155 833 3236 φῦλα
855 3145 1020 3234 Γιγάντων.

91 3240 229 3328 Propter
248 3239 385 3326 pietatem
398 3239 476 3303 enim
497 3239 631 3327 proxime
644 3237 680 3301 ad
694 3236 777 3300 Deos
793 3235 934 3300 accedere
955 3235 1162 3301 credebantur:
1184 3237 1273 3303 iidem

93 3346 171 3390 vero
195 3324 302 3389 artium
322 3323 513 3415 plurimarum
524 3321 696 3410 peritissimi
717 3321 910 3403 habebantur,
931 3322 1028 3406 itaque
1043 3321 1182 3408 ingentes
1203 3323 1271 3388 illas

91 3411 193 3477 moles
222 3416 307 3494 atque
334 3409 451 3472 moenia
482 3407 654 3496 antiquitate
684 3405 819 3494 insignia
846 3405 884 3470 ed
910 3405 1059 3496 Cyclopes
1091 3408 1272 3490 referebant

92 3495 178 3560 unde
200 3493 354 3580 Tyrtaeus
375 3493 431 3558 Ill.
451 3494 488 3558 3:

188 3577 270 3644 Οὐδ’
294 3580 321 3642 st
341 3573 522 3641 Κυκλώπων
538 3575 595 3658 μὲν
615 3573 679 3658 ἴχοι
699 3569 830 3658 μίγεθός
850 3599 882 3640 τε
903 3575 975 3659 βίην
995 3599 1037 3654 τε,

255 3659 364 3750 Νικῴη
386 3663 419 3726 δὲ
438 3662 522 3726 θίων
545 3662 693 3745 Θρηίκιον
713 3660 845 3742 Βορίαν.

92 3751 204 3836 Itaque
226 3749 313 3812 etiam
333 3745 561 3832 χειρομίστορες
587 3754 656 3810 sunt
682 3746 837 3836 apellati,
864 3744 924 3809 vid.
946 3743 1104 3809 Scholiast.
1125 3741 1270 3810 Aristidis

94 3835 139 3901 Τ.
161 3833 221 3898 lll.
242 3851 275 3922 p.
295 3831 363 3900 408
388 3833 435 3898 ed.
461 3831 581 3896 Dindfe
626 3829 673 3895 Tb
698 3768 757 3940 ylp
783 3831 990 3894 Κυκλωπιίων
1020 3830 1068 3892 ἐπί
1104 3825 1273 3916 προθίρων

94 3920 243 4002 σημαίνει
262 3916 299 3982 τὸ
313 3917 437 4002 Ἄργος,
467 3913 625 3999 ἐπειδήπερ
646 3915 677 3980 οἳ
696 3917 866 3988 Κνκλωπις
887 3916 920 3989 ἐξ
946 3913 1044 3997 ἀρχῆς
1064 3913 1211 3995 ἐτείχισαν
1236 3915 1272 3981 τὸ

87 4003 207 4090 Ἄργος
228 4003 257 4066 οἱ
283 3997 463 4088 καλούμενοι
487 4002 733 4087 perpopulatoque,
777 3998 862 4085 nupt
882 3999 918 4063 ad
939 4001 972 4063 ἐκ
993 4004 1054 4062 τῶν
1072 4007 1183 4079 χειροῖν
1204 4003 1272 4082 ζῆν·

93 4092 173 4170 τρία
200 4085 259 4172 γὰρ
288 4088 359 4171 γένη
386 4090 482 4176 φασίν
507 4081 582 4152 εἶναι
608 4081 804 4160 Kottabanoi,
836 4082 909 4160 autc
935 4083 1015 4148 κατὰ
1040 4081 1094 4147 τὸν
1111 4082 1274 4162 Ὀδυσσέα,

94 4172 249 4249 Σικελοὺς
270 4170 375 4251 ὄντας,
403 4175 454 4238 καί
481 4168 610 4248 τούτους
635 4170 708 4246 τοὺς
732 4166 969 4254 χιιρογάοτορας
994 4167 1139 4244 καὶτοὺς
1159 4176 1273 4234 καλου-

84 4260 215 4343 μένους
236 4257 406 4343 οὐρανίους,
451 4257 629 4343 Quamquam
654 4255 707 4320 ille
746 4255 843 4322 uidem
870 4272 932 4319 non
957 4261 1038 4317 recte
1059 4253 1183 4318 Homeri
1203 4255 1273 4321 illos

96 4343 254 4433 Cyclopes
274 4344 312 4408 ab
326 4343 372 4407 his
386 4343 550 4432 distinguit.
571 4341 705 4428 Namque
718 4277 880 4430 (lyclopum
902 4359 979 4426 gens
991 4339 1048 4403 fuit
1061 4339 1274 4424 antiquissima,

96 4451 179 4518 quae
205 4427 342 4515 quamdiu
363 4435 497 4494 naturam
519 4429 622 4496 ducem
647 4427 839 4514 sequebatur,
869 4424 941 4490 dees
962 4423 1011 4514 pio
1032 4425 1129 4490 auimo
1143 4423 1275 4510 colebat,
