3018 5064
247 345 292 420 lo
626 334 1032 413 eoofflEN'rAuuoNus

247 515 433 600 Μαραθῶνι
459 505 592 593 Δήλιον·
634 509 686 572 καί
718 503 801 572 locas
832 505 1009 594 ίεροσκοπία
1042 511 1098 592 τῆς
1123 507 1181 591 μὲν
1207 509 1252 585 εἲς
1279 507 1424 596 Δελφοδς

247 599 382 684 θεωρίας
403 597 435 661 lo
455 601 500 682 τῷ
522 595 555 661 ἒν
578 589 673 680 Οίνόγγ
694 593 822 679 Πυθίην,
847 599 904 676 τῆς
924 593 959 658 δὲ
980 595 1023 669 είς
1043 593 1151 676 Δῆλον
1172 593 1205 658 ἔν
1225 597 1272 684 τῷ
1294 595 1327 658 ἔν
1348 596 1425 658 Mo-

247 689 369 836 ραθῶνι
389 681 509 767 Δηλίῳ.
542 700 582 744 ex
602 699 658 766 quo
680 677 744 744 loco
766 677 840 742 satis
866 699 1012 768 superque
1033 678 1245 769 perspicimus,
1284 679 1425 744 familiam

262 771 343 834 uisse
365 787 439 853 quae
459 763 572 853 Pythia
593 785 696 845 saura,
723 769 753 828 et
775 763 879 846 aliam,
913 785 987 849 quae
1009 763 1101 828 Delia
1123 771 1256 828 curaret:
1291 770 1426 852 corrupta

248 859 347 919 tomen
369 859 438 917 sunt
459 851 550 914 verba
570 850 695 914 Πυθίαι
724 847 830 911 δὲκαὶ
852 845 1028 931 Δηλιάδεςε
1072 869 1146 934 quae
1168 849 1195 913 si
1218 849 1257 913 ad
1278 849 1361 936 ipsas
1383 849 1425 912 f-

248 939 345 1007 milias
367 943 437 1002 sunt
457 933 633 1017 referende,
667 953 723 1018 quo
744 939 829 1022 pacto
851 933 1004 998 emendem
1025 953 1086 997 non
1107 934 1220 1017 habeo,
1253 953 1424 1019 quamquam

248 1022 445 1089 nomenillas
466 1019 613 1098 familias,
640 1016 930 1101 asolemnitatibus,
967 1019 1072 1103 quibus
1093 1025 1270 1108 praeerant,
1298 1019 1425 1082 traxisse

249 1113 479 1174 consentaneum
506 1112 566 1203 est:
599 1103 781 1192 probabilius
810 1110 906 1168 numm
934 1111 1004 1192 puto
1030 1104 1085 1168 has
1113 1104 1195 1192 ipsas
1224 1104 1425 1168 solemnitates

248 1192 420 1260 nominatim
441 1213 461 1255 a
480 1187 661 1254 Philochoro
693 1185 878 1275 significari,
916 1189 1014 1252 scribo
1047 1189 1154 1253 i'tur:
1197 1184 1358 1251 Πυθιάδα
1379 1186 1427 1250 καλ

249 1271 410 1361 Δηλιάδαι
455 1281 485 1339 et
504 1274 642 1339 videntur
663 1273 750 1336 etiam
772 1294 812 1336 ex
833 1273 889 1338 hac
909 1273 1023 1338 familia
1054 1211 1159 1339 lle¹lecti
1185 1295 1272 1356 esse,
1307 1273 1356 1358 qui
1382 1292 1427 1335 sa-

250 1361 310 1428 cris
336 1363 367 1426 in
394 1359 475 1426 Delo
502 1358 601 1424 insula
622 1357 807 1423 celebrandis
828 1359 1024 1422 interessent:
1051 1360 1130 1424 sacri
1151 1365 1249 1424 autem
1271 1357 1318 1423 illi
1338 1355 1427 1444 legati

250 1446 428 1530 Antenorei
448 1443 545 1510 vocati
566 1449 651 1524 suut,
683 1442 743 1506 vid.
772 1442 991 1532 Harpocration
1016 1465 1045 1530 p.
1066 1443 1124 1510 48:
1176 1438 1373 1526 Δηλιασταί·
1402 1439 1428 1504 οἳ

251 1535 294 1609 είς
314 1533 423 1614 Δῆλον
443 1523 618 1604 ἐξελθόντες
637 1528 768 1614 θεωροί·
796 1529 984 1611 Λυκοῦργος
1005 1527 1085 1591 κατὰ
1106 1529 1341 1610 Μενεσαίχμου.
1383 1523 1427 1590 Si-

251 1616 361 1684 militer
380 1613 568 1702 Hesychiuss
610 1613 803 1696 Δηλιασταί·
841 1612 871 1677 οἳ
898 1615 939 1689 είς
959 1613 1067 1695 Δῆλον
1093 1611 1283 1695 πεμπόμενοι
1309 1610 1425 1695 θεωροί

250 1699 294 1774 Et
312 1701 411 1789 legem
438 1699 583 1785 quandam
604 1697 641 1763 de
662 1697 808 1763 Deliastis
834 1698 914 1761 inter
940 1693 1077 1782 κύρβεις,
1109 1700 1266 1785 inquibus
1288 1699 1374 1786 leges
1395 1695 1425 1758 de

250 1787 341 1853 rebus
362 1785 456 1848 sacris
478 1791 563 1848 erant
603 1785 782 1872 erscriptae,
803 1790 1010 1847 commemorat
1028 1781 1202 1849 Athenaeus
1225 1783 1281 1853 VI.
1309 1805 1339 1873 p.
1361 1777 1425 1846 234.

251 1870 297 1938 E:
346 1869 398 1933 Ἔν
418 1869 453 1933 δὲ
472 1877 537 1945 τοῖς
597 1874 683 1954 ρβεσι
703 1877 768 1943 τοῖς
794 1869 861 1953 περὶ
893 1873 955 1932 τῶν
985 1867 1172 1950 Δηλιαστῶν
1198 1866 1300 1944 οὕτως
1326 1866 1426 1952 γέγρα-

252 1975 338 2022 πται·
380 1953 447 2019 Καὶ
471 1954 516 2018 τὼ
538 1950 648 2038 κήρυκε
664 1953 695 2018 ln
716 1957 772 2017 τοῦ
788 1951 894 2036 γίνους
913 1957 976 2017 τῶν
997 1950 1138 2038 κηρύκων
1158 1961 1217 2019 τοῦ
1238 1959 1296 2038 ’τῆς
1315 1973 1426 2036 μυστη-
1486 1964 1487 2046 γ

253 2039 410 2129 ριωτίδος·
433 2035 563 2114 τούτους
584 2037 619 2102 δὲ
639 2046 817 2121 παρασιτεῖν
838 2039 870 2101 ἐν
890 2043 935 2125 τῷ
952 2039 1062 2125 Δηλίῳ
1085 2037 1237 2104 ίνιαοτόν.

338 2125 385 2190 lta
406 2132 502 2189 autem
524 2130 610 2212 poeta
630 2122 748 2188 videtur
768 2122 944 2204 instituisse,
966 2131 999 2194 ut
1018 2125 1083 2224 ipse
1105 2146 1222 2211 quoque
1244 2143 1359 2190 sacram
1378 2116 1426 2182 ali·
1486 2133 1487 2186 g

254 2232 340 2299 quam
361 2209 541 2297 legationem
563 2230 598 2272 ac
618 2228 753 2296 pompam
773 2207 956 2290 institueret,
999 2231 1046 2272 cur
1066 2209 1201 2274 homines
1227 2202 1427 2300 profligatissi-

254 2297 296 2362 mi
316 2296 514 2376 interessent,
536 2293 594 2356 huc
614 2313 721 2357 revoco
742 2291 826 2375 illud,
853 2293 930 2378 quod
952 2298 998 2357 est
1019 2295 1096 2382 apud
1106 2291 1270 2361 Scholiast
1281 2288 1427 2378 Aristoph.

255 2378 317 2450 Au.
337 2399 367 2444 v.
390 2377 489 2445 1294:
521 2377 573 2440 ubi
594 2375 789 2464 Symmachus
810 2377 885 2442 haec
906 2377 990 2442 dicit:
1016 2381 1183 2443 (δαίνυνται
1205 2383 1264 2446 τὸν
1285 2379 1424 2456 Λυκοῦρ-

253 2488 316 2572 γον,
330 2461 504 2572 Αίγύπτιον
530 2457 606 2525 εἶναι
627 2461 797 2571 νφμίζοντεφ
818 2459 837 2545 ἢ
858 2459 894 2528 τὸ
915 2461 1001 2574 γένος
1020 2460 1039 2548 ἢ
1055 2464 1134 2574 3τογλς
1154 2461 1306 2552 τρόπους·
1340 2465 1429 2542 Φερι·
1487 2528 1488 2556 ,

255 2573 370 2700 καί
385 2547 583 2707 ceolas
601 2548 738 2696 λιιι
757 2573 814 2698 ro
833 2545 1429 2720 polucarmelitarum

251 2717 291 2786 ‘0
318 2719 352 2784 δὲ
377 2714 545 2801 καλοίσιρος
569 2714 665 2799 χιτὼν
694 2715 911 2801 πλατδσημος·
955 2721 1033 2805 φησὶ
1066 2723 1100 2784 δὲ
1127 2721 1359 2806 Κηφισόδημος
1389 2709 1430 2776 ὅτι

258 2802 439 2887 Αίγυιττίιον
459 2797 480 2884 ἡ
501 2801 599 2878 λέξις,
630 2799 788 2884 διαβάλλει
810 2805 844 2868 δὲ
866 2801 1001 2886 adelerii
1024 2800 1066 2880 ῶς
1085 2805 1205 2892 ξίνονῆ
1230 2805 1272 2883 ῶς
1294 2794 1430 2885 πονηρόν·
1487 2831 1488 2844 ¹

256 2889 420 2957 Bekkerus
441 2887 545 2976 φέρων
567 2887 693 2972 δίφρονι
715 2909 821 2954 versus
843 2890 885 2954 ita
903 2889 1143 2955 constituendus:

345 2967 493 3040 Τοότοισι
520 2970 551 3038 δ’
576 2969 705 3038 durato
729 2973 785 3040 l'ror
806 2975 919 3122 dplppor
949 2976 1051 3062 φίρων
1071 2977 1261 3064 Λυκοῦργος
1283 2972 1359 3057 ἔχων
1379 2989 1430 3032 κα·

841 3083 891 3123 ασί
914 3085 952 3123 We

216 3189 219 3201 ·
258 3143 395 3210 Fuerunt
415 3148 512 3208 autem
536 3143 623 3208 huius
644 3143 785 3231 Lycurgi
811 3083 942 3208 fortadse
968 3165 1076 3208 revera
1104 3145 1249 3230 quaedam
1279 3145 1377 3234 partes
1403 3132 1431 3196 51¹

259 3229 353 3301 sacris
374 3227 435 3292 illis
457 3229 652 3294 renovandis:
696 3230 831 3316 suspicor
852 3229 930 3294 enirn
952 3229 1030 3294 hunc
1050 3229 1156 3316 Lycur
1181 3251 1230 3296 um
1253 3249 1340 3295 avum
1368 3235 1431 3286 esse

258 3313 399 3402 Lycurgi
420 3315 546 3378 oratoris
567 3313 761 3394 nobilissimi,
795 3313 831 3380 de
858 3333 915 3399 quo
942 3313 1018 3378 dixit
1038 3252 1189 3380 Plutarci.
1211 3317 1266 3380 vit.
1288 3313 1327 3379 X.
1350 3307 1429 3372 oratt

259 3397 292 3464 in
313 3397 450 3464 exordio:
493 3401 680 3484 Λυκοῦργος
705 3397 824 3478 πατρὸς
842 3400 899 3479 μὲν
918 3389 956 3481 ἦν
975 3394 1186 3486 Λυκόφρονος
1205 3407 1264 3466 τοῦ
1287 3385 1432 3469 Λυκοόρ-

259 3507 332 3570 γου,
354 3481 389 3547 δν
411 3483 440 3548 οἳ
460 3481 624 3568 τριάκοντα
645 3479 789 3566 τόραννοι
811 3480 1001 3562 ἀπέκτειναν,
1031 3487 1130 3551 αι’τίου
1152 3511 1251 3551 αυτοο
1272 3508 1328 3566 της
1350 3495 1431 3540 αναι·

261 3567 371 3654 ρίσεως
390 3570 551 3653 γενομένου
568 3564 792 3652 Ἀριστοδήμου
813 3571 973 3651 Βατῆθεν,
1008 3567 1042 3647 dr
1069 3573 1119 3635 καλ
1143 3567 1365 3655 ἑλληνοταμίας
1385 3579 1431 3641 tf·

260 3653 386 3736 adprecor
406 3651 516 3738 ilpvyev
538 3655 570 3719 ἓν
590 3658 629 3738 τῇ
651 3654 853 3743 δημοκρατίᾳ,
880 3653 934 3719 τόν
955 3656 1109 3739 δῆμονδὲ
1131 3655 1311 3737 Βουτάδης,
1333 3646 1431 3733 γίνῡυς

260 3746 316 3806 τοῦ
338 3744 400 3804 τῶν
418 3738 675 3818 Ἐτεοβουταδῶν.
718 3737 798 3804 Huic
826 3745 921 3806 numm
947 3741 1078 3807 familiae
1090 3743 1294 3808 nobilissimae
1311 3735 1370 3800 fuit
1388 3747 1432 3822 sa·

202 3903 206 3908 v
261 3847 378 3892 erorum
433 3823 571 3912 raecipua
602 3845 673 3888 eura
703 3825 856 3909 mandata,
899 3825 1056 3892 Minervae
1086 3829 1214 3892 maxime
1242 3832 1273 3889 et
1297 3822 1432 3907 Neptun-

260 3908 324 3975 lam
351 3845 431 3994 quod
458 3908 605 3998 Lycurgo
633 3907 682 3973 Ae
747 3911 816 3975 dam
846 3911 993 4000 originem
1024 3913 1133 4002 probro
1167 3912 1329 3988 dederunt,
1366 3895 1432 3964 inde

262 3993 469 4081 explicandum
489 3999 570 4080 puto,
610 3993 668 4058 uod
719 3996 892 4061 teobutadae
914 4019 1009 4085 genus
1030 3998 1203 4086 repetebant
1224 4018 1243 4060 a
1263 3993 1362 4068 Buta,
1383 3999 1433 4044 11⁰·

262 4086 331 4168 pote
351 4075 549 4143 Erichthonii.
643 4079 871 4166 tiquissimorum
892 4091 989 4148 autem
1009 4103 1125 4170 regum,
1147 4080 1303 4167 Cecropis,
1324 4064 1433 4161 Erech·

263 4162 340 4243 thei,
372 4160 495 4229 aliorum
523 4163 657 4252 origines
685 4187 724 4232 ex
744 4165 887 4269 Aegypto
908 4168 967 4258 ipsi
985 4165 1188 4232 Athenienses
1211 4161 1433 4253 deduxissen-

264 4247 383 4329 dentur,
405 4267 576 4334 quamquam
596 4271 650 4339 pro
672 4258 914 4339 magnammrtate
935 4252 1124 4340 peregrinam
1146 4252 1271 4342 stirpem
1282 4239 1434 4333 repudiare

265 4339 298 4398 et
316 4332 399 4398 nulla
420 4332 533 4400 aliare
553 4335 651 4438 mags
673 4335 798 4424 gloriari
823 4337 974 4420 solebant,
1008 4357 1094 4424 quam
1120 4337 1197 4423 quod
1218 4337 1328 4398 essent
1348 4324 1439 4389 abon-

266 4418 369 4508 ginesc
389 4425 513 4488 atvero
533 4421 653 4490 comrds
673 4423 769 4513 poetis
789 4422 873 4491 licuit
897 4423 1008 4494 mnam
1026 4421 1110 4492 illam
1130 4418 1269 4512 quamuis
1289 4415 1436 4482 alsenam
