3018 5064
323 409 383 478 un
404 405 884 496 astronomicarum
904 409 1051 488 sumu
1229 419 1273 482 νν

95 584 212 652 οοΙοοιο
226 587 351 666 mustei,
373 579 518 685 duplicem
527 579 686 648 lunnc'rim
707 587 738 646 et
758 585 894 648 naturam
914 579 1044 648 numinis
1066 579 1160 650 divini
1182 583 1271 652 etiam

93 677 224 737 externa
244 669 342 736 iormn
362 667 496 734 indicare
516 665 684 732 studebant.
725 664 767 732 ln-
783 665 840 732 boc
860 672 958 734 sutem
973 667 1270 734 Thraciaedeaere-

91 757 170 845 ligio
192 777 211 820 a
232 753 339 820 ceteris
367 752 532 854 discrepat,
565 749 642 850 qnod
668 771 731 816 non
762 750 820 818 dno
847 753 969 816 numina
995 751 1054 821 sibi
1079 751 1270 820 adversantia

92 853 125 906 et
146 860 253 906 rursus
274 861 308 905 ss
329 845 516 928 expetentia,
536 843 580 902 nu
600 835 803 924 impletisque
823 835 1038 926 religionibus,
1058 857 1130 924 quas
1142 837 1270 904 exelsis

93 925 207 993 Graeci
226 923 447 1015 repetiverunt,
474 921 604 988 dismcts
625 919 821 986 animaduerti
842 919 927 1004 licet,
957 921 1123 988 sedunum
1145 931 1268 1006 tanturn,

91 1011 172 1100 quod
194 1015 346 1095 utrumque
366 1008 427 1074 rim
448 1013 478 1072 et
497 1013 633 1072 naturam
654 1005 876 1095 conplectatur:
919 1006 1005 1072 δοοοι
1027 1007 1182 1077 enimbat
1203 1009 1270 1098 ipsu

90 1096 466 1247 {tbiltllttltl‘
490 1090 689 1241 diiambi
706 1099 743 1240 t
758 1093 1269 1242 ltil‘t.t.l.⁰²t.l.‘⁰:¹tll’

92 1267 157 1334 sint
179 1285 308 1346 summu,
330 1264 363 1327 in
385 1197 490 1363 quibui
511 1223 608 1326 omnis,
630 1262 675 1329 vis
688 1197 780 1343 insit,
800 1261 968 1328 arctissime
989 1200 1167 1329 coalescerd.
1193 1199 1268 1328 Ἥ

91 1373 152 1440 que
174 1374 193 1416 a
213 1349 280 1416 ueri
309 1346 501 1412 similitudine
528 1367 651 1436 prorsus
681 1365 744 1412 nun
770 1347 912 1412 obhorret
937 1347 1084 1436 imagines
1109 1343 1267 1431 Beudidis,

88 1445 124 1502 nt
147 1443 274 1503 externa
295 1454 408 1520 quoqne
429 1432 528 1532 specie
549 1432 597 1497 vis
617 1439 648 1496 et
667 1437 777 1496 natura
801 1431 895 1500 divini
915 1431 1044 1498 numinis
1066 1433 1269 1500 subindicare·

89 1529 159 1606 tur,
181 1521 295 1587 duabus
316 1519 410 1582 bestie
438 1523 599 1582 iniunctae
624 1517 729 1583 luisse.
770 1516 876 1602 Neque
904 1516 1021 1607 penitus
1047 1518 1134 1584 latuit
1159 1527 1267 1586 natura

89 1609 169 1672 deae
190 1606 273 1671 illum
295 1601 531 1710 grammaticum,
563 1600 646 1667 cuius
667 1601 871 1692 interpretatio
892 1603 987 1692 primo
1009 1611 1055 1668 est
1074 1603 1140 1670 loco
1160 1625 1267 1694 propo·

90 1693 166 1758 sita:
198 1689 266 1774 ἤτοι
289 1692 334 1754 ὃτι
358 1684 414 1752 tulo
441 1685 535 1769 τιμὰς
562 1682 774 1772 ἐκληρώσατο,
810 1685 958 1774 οὐρανίαν
984 1712 1017 1752 τε
1043 1690 1095 1754 καλ
1117 1693 1285 1772 χθονίαν.

90 1775 208 1862 λόγχας
227 1773 286 1860 γὰρ
309 1769 438 1840 iudicor
457 1769 532 1848 τοδς
552 1767 694 1856 κλήρους.
716 1773 852 1862 argutius
872 1773 924 1837 ille
946 1773 1062 1858 quidem
1078 1773 1181 1839 statuit
1191 1773 1266 1841 Cra·

89 1865 188 1928 tinum
209 1859 396 1926 intellexisse
416 1857 491 1924 duas
518 1855 586 1922 illas
606 1857 783 1945 porticulus,
815 1877 891 1943 quas
910 1855 967 1924 dea
987 1858 1092 1922 sortita
1112 1857 1169 1942 sit,
1200 1880 1267 1926 coe-
1368 1900 1374 1914 .

89 1950 199 2014 lestem
220 1951 251 2011 et
271 1953 437 2025 terrenam,
460 1963 528 2006 nom
568 1942 614 2006 uis
635 1943 753 2006 tandem
775 1943 831 2008 boc
852 1961 944 2006 sensu
985 1941 1109 2006 obiisset
1127 1943 1267 2028 δόλογχος

90 2033 211 2113 dicere,
233 2047 405 2118 quamquam
427 2027 506 2092 enim
525 1961 620 2110 λόγχη
642 2048 716 2092 sane
738 2026 775 2092 dc
796 2028 930 2116 portione
952 1961 1011 2092 dici
1031 2026 1123 2111 solet,
1149 2037 1182 2092 ut
1202 2031 1212 2092 i
1232 2053 1266 2096 se

90 2117 268 2206 Hesychius
286 2117 371 2199 infra
389 2111 491 2222 docet:
514 2108 650 2260 ὰΛόγχη·
672 2111 766 2194 λῆξις.
786 2114 882 2198 μερίς.
905 2119 935 2180 ct
949 2112 1063 2221 Auctpr
1075 2051 1265 2200 [immobili.

89 2205 220 2354 idid
242 2199 307 2350 lb
324 2199 474 2366 fflii
493 2195 1014 2365 {mittitlitttbttt..
1032 2198 1264 2367 {bibiti

89 2383 193 2440 tamen
215 2377 249 2436 ut
268 2370 341 2435 mihi
362 2368 477 2454 quidem
506 2367 621 2434 videtur
642 2364 735 2451 λόγχη
758 2367 796 2433 de
817 2365 945 2456 praedae
965 2375 1077 2434 tantum
1099 2370 1264 2453 sortiticme,

91 2461 130 2526 dc
151 2457 275 2524 militari
296 2455 395 2540 aliquo
414 2453 550 2543 portione
572 2453 680 2518 dietum
701 2461 762 2517 est:
796 2453 850 2518 scd
872 2451 941 2521 licet
961 2453 1035 2519 haec
1056 2455 1192 2544 argutius
1213 2457 1264 2521 ille

89 2546 304 2634 interpretatus
330 2540 436 2621 luerit,
477 2545 558 2604 recte
584 2544 683 2604 tumen
712 2545 847 2602 naturam
873 2537 955 2604 illius
979 2535 1056 2606 deae
1082 2541 1265 2629 explanavit,

90 2651 184 2781 llll.
202 2626 381 2778 illitu
394 2623 560 2800 bittit
581 2624 1265 2797 ‘tlltfltlultutttlilbt‘t'lt

89 2799 192 2866 banda
220 2805 281 2880 est,
317 2816 490 2884 quamquam
515 2793 596 2859 veris
623 2794 702 2858 fusa
729 2793 860 2858 admixta
881 2793 1032 2858 videntur:
1079 2794 1121 2858 Ol
1141 2732 1263 2872 dd,prirc

91 2881 150 2952 driu
173 2889 264 2970 φιῖντα
285 2879 361 2964 ἔχει,
381 2880 417 2944 τὸ
439 2878 519 2943 ἴδιον
539 2880 590 2941 καλ
612 2883 669 2941 τοῦ
688 2874 791 2960 ἧλόοο·
812 2877 870 2960 τὴν
889 2877 948 2960 γὰρ
963 2873 1100 2960 Σελήνην
1115 2877 1262 2966 Βένδινο)

90 2974 143 3036 καὶ
158 2961 303 3051 ’Ἄρτεμιν
324 2967 506 3047 νομίζωσιν.
550 2961 669 3028 Etenim
696 2985 761 3028 cuns
790 2983 829 3028 ex
854 2963 1003 3028 sententia
1032 2963 1120 3030 huius
1141 2963 1264 3054 religio-

90 3059 141 3122 nis
180 3055 320 3120 divinitas
360 3053 475 3116 inesset
504 3049 639 3115 omnibns
671 3048 803 3129 naturis,
840 3047 916 3129 soli,
955 3047 1059 3130 lunae,
1102 3048 1261 3132 sideribus,

90 3151 209 3224 terrae,
231 3138 395 3224 ceterisque
416 3137 505 3201 rebus
518 3156 593 3236 quae
614 3135 668 3200 sub
690 3133 838 3198 oculorum
861 3133 1029 3222 adspectum
1051 3133 1168 3216 uadunt,
1190 3157 1264 3203 sane

90 3229 176 3293 illum
203 3247 302 3292 rerum
328 3229 452 3287 naturae
479 3220 662 3287 divinitatem
696 3219 783 3284 etiarn
810 3223 937 3284 externa
962 3219 1058 3284 forma
1084 3217 1264 3288 indicavisse

92 3314 233 3378 uidentur
273 3310 357 3394 eique
399 3307 481 3372 faces
521 3306 685 3386 tribuisse,
727 3305 806 3372 unde
840 3304 927 3370 etiam
961 3303 993 3366 in
1028 3303 1262 3372 solemnitatibus

90 3399 182 3464 huius
211 3397 284 3462 deae
312 3393 473 3458 certamina
498 3391 646 3478 equestria
677 3390 771 3458 taedis
786 3389 971 3454 ardentibus
999 3388 1143 3454 celebrari
1175 3393 1263 3460 solita

92 3491 180 3549 sunt:
214 3491 245 3546 et
271 3480 400 3544 semeso
425 3486 545 3567 propter
570 3477 625 3542 bas
647 3476 729 3564 ipsas
757 3477 839 3540 laces
862 3471 1003 3541 Cratinus
1030 3492 1095 3538 eam
1122 3476 1262 3560 δίλογχον

92 3568 268 3660 apellavit,
334 3564 388 3628 tuit
409 3564 487 3628 enim
509 3556 602 3645 λόγχη
625 3561 662 3626 de
683 3561 749 3649 igni
770 3559 906 3626 uibrante
928 3557 1000 3641 dici,
1034 3559 1077 3624 uti
1097 3555 1183 3644 ἔγχος
1205 3561 1262 3626 So·
1351 3587 1355 3594 ·

92 3591 215 3748 pbocles
236 3651 306 3718 adhr
327 3649 370 3714 uit
389 3648 422 3712 in
442 3647 626 3712 Rhizutomis
647 3643 702 3712 Fr.
722 3645 801 3713 480:

172 3736 260 3803 Ἥλιε
281 3735 416 3802 δέσποτα
437 3735 488 3796 καὶ
511 3737 572 3817 arip
595 3727 684 3815 ἱερόν,

182 3828 248 3906 Τῆς
268 3821 400 3896 εἷνοδόος
415 3813 553 3900 ‘Eruitur
573 3816 674 3900 ἔγχος,

182 3910 229 3973 Τὸ
251 3905 294 3972 δι’
323 3901 493 3987 Οὐλύμπου
521 3898 681 3967 cnidiorum
703 3900 787 3986 φόρει

179 3995 247 4059 Kal
266 3997 336 4080 γῆς,
363 3988 484 4058 uulouu'
508 3988 592 4076 ἱερὰς
611 3985 764 4073 τριόδους.

164 4183 192 4250 ⁸)
229 4181 337 4235 Rectius
354 4177 478 4235 scribitur
495 4175 612 4242 Βενδῖς,
629 4173 774 4239 errorum,
792 4172 815 4226 si
827 4170 1173 4226 audiendusGranumnticnu
1190 4175 1260 4242 apud
1345 4217 1350 4224 .

94 4253 243 4306 liebherum
259 4251 358 4304 anecd.
378 4251 413 4304 Τ.
431 4249 477 4302 ΙΙΙ.
495 4265 523 4317 p.
542 4245 623 4300 119²:
649 4242 760 4308 ’Βενδῖς
784 4242 867 4309 (male
888 4237 1138 4310 praetereumtes)
1156 4241 1260 4294 Βενδῖ-

95 4319 151 4386 όος,
169 4315 301 4382 Βενόῖδι,
318 4316 423 4368 Βενδῖν
455 4315 560 4378 Μολῖς,
579 4307 714 4374 Multum,
733 4309 854 4374 Μολῖδι,
873 4309 977 4372 Melia,
990 4303 1054 4357 ’Λτα
1073 4309 1115 4366 τῖς
1131 4307 1195 4376 (hoc
1212 4311 1260 4361 ad.

95 4388 222 4454 dendum)
238 4383 409 4454 Ἀταρτῖδος,
429 4351 579 4454 ζΑτιιρτῖδι,
599 4375 740 4447 'strumina‘
769 4377 853 4430 ταῦτα
879 4375 912 4428 δέ
926 4375 998 4426 εἰσιν
1013 4324 1138 4445 arduam
1156 4373 1260 4446 δαιμό-

96 4471 153 4508 νων
166 4455 332 4525 τιμωμένων
349 4446 425 4526 παρὰ
445 4451 557 4522 Θρᾳξίν.
575 4453 603 4504 et
619 4447 808 4514 'l'heogmostus
824 4444 888 4500 ibid.
905 4463 934 4514 p.
952 4440 1069 4500 1343132
1095 4442 1259 4497 Βενδίδειον

96 4521 128 4578 δὲ
144 4521 410 4598 προποροξότονον·
434 4515 554 4590 ἐφύλαξε
569 4513 625 4592 ydp
641 4511 673 4570 rb
690 4515 709 4568 d
731 4515 777 4582 τῆς
792 4509 930 4572 Revertor
945 4511 1063 4581 γενικῆς.
