3042 5070
236 353 281 419 ‘lb
615 343 1019 416 COMMENTATIONES

236 521 337 611 plures
358 523 461 583 essent
481 515 562 598 (nan
584 513 620 581 de
661 515 757 580 oblico
769 512 866 600 aliquo
888 535 1011 578 munere
1031 511 1080 578 hic
1100 512 1227 578 locutum
1248 534 1317 584 esse
1338 535 1411 602 poe-

236 615 295 672 tam
317 625 439 669 necesse
461 603 519 687 est)
548 602 612 687 quis
640 536 731 665 luerit
758 597 923 664 Metrobius
956 599 1067 686 ambigi
1094 607 1205 687 potest:
1254 600 1412 688 probabile

236 701 334 755 tanuen
363 697 409 753 est
438 689 533 752 fuisse
554 686 696 766 scribam,
740 685 789 771 qui
811 680 827 747 b
849 690 904 764 τῆς
925 680 1040 758 πόλεως
1061 683 1279 771 appellabatur,
1322 706 1412 770 quern

132 839 135 844 .
235 797 300 925 qpse
321 773 444 926 pqpulus
466 773 579 858 eligere
606 769 733 836 solebat:
778 774 921 832 memorat
946 769 1024 832 hunc
1045 778 1164 856 praeter
1185 769 1260 832 alios
1282 769 1412 856 Thucy-

244 861 319 924 ·ides
371 859 409 922 ll.
439 859 494 921 10:
534 853 572 919 ‘O
599 856 633 918 δὲ
658 852 855 937 γραμματεὺς
881 858 937 936 τῆς
964 850 1080 928 πόλεως
1101 853 1267 936 παρελθών
1294 854 1412 938 ἀνέγνω

234 955 299 1018 τοῖς
318 943 494 1022 Ἀθηναίοις
522 940 711 1024 (ἐπιστολὴν)
739 941 896 1020 δηλοῦσαν
926 939 1036 1002 τοιαδί.
1087 935 1241 1003 Cimonem
1270 947 1366 1003 antem
1391 962 1412 1003 a

233 1029 359 1095 Cratino
381 1035 438 1092 tam
461 1025 585 1125 egregio
613 1024 770 1112 praeconio
799 1029 933 1087 ornatum
961 1043 1029 1087 esse
1056 1043 1118 1085 non
1145 1023 1314 1106 mirabitur,
1357 1025 1412 1110 qui

235 1115 397 1178 accuratius
419 1111 499 1175 illins
520 1112 577 1174 vrri
604 1110 756 1196 ingenium
784 1108 985 1196 perspexerit,
1029 1129 1114 1192 quem
1140 1107 1335 1172 saluberrima
1361 1109 1412 1174 rei

233 1199 368 1288 publicae
390 1197 513 1260 consilia
535 1195 695 1282 agitavisse
717 1194 846 1257 sortasse
869 1193 926 1256 alio
948 1193 1013 1256 luco
1035 1192 1298 1257 demonstrabitur:
1324 1193 1409 1258 viros

234 1293 330 1348 alutem
362 1283 455 1346 boues
485 1289 514 1343 et
545 1281 685 1344 honestos
713 1278 834 1342 laudare
862 1298 957 1362 neque
985 1279 1021 1341 ab
1043 1277 1176 1352 instituto
1199 1280 1260 1342 anti
1281 1301 1335 1342 uae
1358 1299 1410 1342 co-

233 1368 366 1432 moediae
393 1387 488 1450 neque
515 1387 533 1427 a
561 1362 678 1429 Cratini
698 1363 822 1449 ingenio
844 1360 992 1426 abhorret.
1042 1359 1119 1425 Erat
1146 1362 1224 1427 euim
1253 1300 1408 1447 (lratinuS,

233 1453 345 1541 pariter
366 1459 452 1536 atque
480 1450 571 1513 ceteri
600 1448 747 1537 principes
770 1447 906 1532 antiquae
928 1447 1106 1527 comoediae,
1127 1447 1176 1511 vir
1197 1449 1322 1535 egregie
1343 1470 1409 1514 mo-

232 1545 331 1618 ratuS,
353 1535 486 1620 idemque
508 1535 619 1619 antiqui
640 1534 731 1597 moris
753 1537 857 1595 tenax:
901 1531 1039 1595 laudabat
1058 1531 1153 1618 igitur
1173 1533 1284 1620 patrios
1307 1555 1408 1598 mores

233 1631 263 1686 et
295 1622 437 1686 maiorum
465 1620 615 1700 instituta,
659 1617 797 1681 laudabat
823 1617 904 1680 viros
936 1637 1049 1687 morum
1078 1617 1223 1705 probitate
1249 1619 1406 1706 insignes:

232 1707 372 1773 censebat
393 1711 489 1768 autern
518 1725 581 1767 eam
604 1704 718 1768 demum
744 1701 950 1790 rempublicam
973 1701 1086 1766 salvam
1107 1702 1313 1790 integramque
1335 1726 1408 1768 con-

232 1800 311 1856 stare
333 1811 437 1878 pusse,
465 1791 497 1853 in
519 1810 575 1872 qua
597 1789 676 1852 cives
698 1786 810 1874 pudore
832 1786 928 1872 magis
951 1793 980 1850 et
1000 1788 1196 1868 verecundia,
1220 1809 1304 1872 quam
1325 1795 1407 1854 metu

230 1897 393 1979 poenaque,
416 1893 489 1959 (quae
512 1879 592 1936 esset
613 1871 914 1958 constitutalegibus,
936 1878 1041 1934 natura
1054 1893 1101 1936 ma
1126 1873 1150 1936 is
1173 1893 1257 1957 quam
1280 1873 1406 1940 consilio

230 1985 277 2027 rus
291 1963 453 2044 bonumque
469 1964 672 2043 sequerentur,
694 1957 835 2043 lugerent
847 1955 1065 2042 turpitudinem.
1102 1894 1126 2021 X

1125 1966 1238 2022 tavero
1251 1959 1338 2022 etiam
1352 1958 1406 2026 Ci-
1506 2005 1507 2016 ι

230 2069 299 2112 mon
320 2046 377 2110 luit
399 2043 560 2124 animatus,
593 2043 675 2106 cuius
698 2042 790 2122 fides,
823 2041 952 2121 iustitia,
985 2041 1148 2106 liberalitas
1170 2063 1259 2130 saepe
1281 2065 1405 2109 numero
1506 2111 1507 2116 ,

230 2132 287 2198 luit
307 2135 445 2218 spectata.
489 2127 532 2191 At
553 2149 617 2191 cum
639 2126 774 2190 Pericles
802 2125 909 2213 populo
931 2125 1045 2212 largius
1067 2126 1232 2191 libertatem
1254 2129 1405 2194 ministra·

229 2224 277 2280 ret
297 2225 327 2279 et
348 2213 519 2278 anctoritate
540 2212 636 2299 magis
659 2219 744 2296 atque
765 2212 863 2296 gratia
883 2210 1071 2274 insolentiam
1087 2219 1295 2301 compesceret,
1318 2233 1404 2298 qnam

230 2323 311 2366 more
339 2307 369 2363 et
394 2297 589 2377 verecundia,
633 2303 793 2396 coeperunt
825 2295 904 2360 cives
936 2295 1105 2360 liberiorem
1133 2298 1267 2386 spiritum
1296 2299 1402 2363 ducere

230 2385 383 2472 magisque
411 2404 444 2446 se
473 2381 637 2462 extollere,
680 2389 722 2445 uta
743 2385 775 2444 ut
796 2401 880 2444 sunm
902 2381 1023 2480 quisque
1044 2381 1198 2468 ingenium
1220 2391 1401 2468 sequeretur.

229 2470 292 2534 lam
326 2490 391 2532 cum
425 2465 566 2532 Cratinus
601 2466 685 2551 quasi
717 2466 858 2530 divinitus
890 2465 1003 2530 videret
1031 2487 1070 2530 ex
1097 2468 1153 2533 hac
1173 2467 1310 2532 libertate
1332 2491 1404 2534 mox

173 2593 174 2596 =
229 2563 366 2640 tanquam
388 2573 426 2616 ex
448 2553 540 2641 stirpe
562 2550 659 2636 aliqua
680 2551 800 2614 nimium
821 2551 968 2615 licentiam
994 2551 1124 2618 existere
1152 2555 1308 2634 etnasci,
1342 2562 1403 2619 sta-

230 2641 282 2704 tim
304 2639 350 2702 his
372 2638 465 2704 initiis
493 2636 627 2724 graviter
654 2637 827 2700 adversatus
857 2643 918 2717 est,
961 2635 1132 2722 videturque
1162 2636 1316 2703 Cimonem
1337 2645 1403 2703 tan·

230 2745 316 2810 quam
337 2723 502 2811 exemplum
524 2721 641 2786 honesti
662 2729 693 2785 et
712 2722 783 2785 boni
805 2721 877 2784 civis
898 2722 1103 2810 proposuisse,
1138 2743 1194 2808 quo
1215 2723 1333 2787 lacibus
1355 2725 1402 2788 in-

229 2809 434 2896 telligeretur,
471 2813 609 2892 quantum
630 2807 788 2872 discrimen
808 2805 1005 2870 intercederet
1024 2807 1103 2871 inter
1129 2807 1207 2872 hunc
1228 2817 1258 2872 et
1278 2831 1402 2898 praepo·

230 2901 329 2960 tentes
350 2893 450 2982 populi
469 2893 635 2956 nrinistrosz
673 2898 703 2956 et
728 2892 785 2956 hoc
809 2892 905 2981 ipsum
925 2892 1042 2956 videtur
1062 2893 1226 2958 institutum
1246 2895 1401 2963 consilium
1505 2925 1506 2950 ι

228 2979 316 3044 huius
339 2977 506 3042 comoediae
532 2977 637 3042 luisse.

313 3063 375 3127 lam
396 3083 551 3150 possumus
579 3063 666 3126 etiam
694 3082 733 3125 ex
758 3060 900 3126 hocloco
923 3062 1120 3126 coniecturam
1142 3083 1247 3151 capere
1270 3063 1306 3128 de
1327 3069 1400 3129 tem-

229 3170 317 3238 pore,
361 3168 416 3230 quo
432 3154 508 3210 ‘acta
534 3147 574 3210 sit
598 3145 713 3211 fabula:
756 3168 825 3210 nam
858 3167 921 3210 cum
948 3145 1114 3210 Metrobius
1142 3156 1336 3234 conqueratur
1364 3149 1400 3214 de

230 3239 323 3298 morte
345 3229 489 3312 Cimonis,
512 3230 674 3316 Cimonque
695 3238 826 3295 mortuus
847 3233 888 3296 sit
899 3230 1015 3319 Olymp.
1037 3230 1194 3297 LXXXII.
1216 3236 1246 3298 3.
1275 3255 1400 3299 consen-

230 3325 348 3384 taneum
376 3324 423 3380 est
454 3317 568 3381 recenti
596 3317 683 3381 huius
716 3316 890 3380 calamitatis
917 3317 1058 3380 memoria
1086 3319 1143 3380 scri
1166 3325 1223 3382 tam
1252 3340 1333 3383 esse
1351 3341 1401 3384 co·

229 3403 389 3468 moediam=
417 3402 472 3465 fuit
492 3402 585 3488 igitur
605 3400 729 3466 nonita
748 3401 839 3465 multo
860 3405 927 3490 post
947 3400 1115 3489 OlympL
1236 3405 1295 3468 .3.
1319 3411 1399 3469 actas
1504 3423 1505 3468 ι

150 3571 153 3578 ,
231 3507 325 3572 neque
339 3487 370 3551 in
380 3486 513 3572 reliquiis
525 3487 643 3552 fabulae
655 3486 809 3572 quidquam
823 3486 985 3636 reperitur:
1008 3486 1083 3572 quod
1096 3495 1244 3577 repugnet
1254 3489 1324 3553 huic
1337 3490 1400 3579 opi-

229 3572 327 3636 nioni:
355 3572 414 3635 uisi
427 3573 503 3636 sorte
515 3594 567 3653 ea,
590 3593 664 3656 quae
676 3571 770 3634 refert
783 3569 862 3635 Scho
875 3572 950 3636 'asta
968 3571 1170 3638 Lucianilov.
1193 3573 1348 3661 Tragoed.
1370 3597 1399 3640 v.

100 3747 103 3754 ¹
209 3655 324 3742 ·48.·)
362 3653 400 3720 ‘0
426 3656 492 3736 μὲν
518 3657 692 3731 Καλλίας
718 3646 845 3732 οὗτος,
872 3653 920 3733 ὥς
940 3655 1399 3742 ΚρατῖνοςἍρχιλόχοις,

226 3736 446 3805 Ἰππονίκου
478 3740 562 3816 υἱὸς
598 3734 656 3823 ἦν,
680 3738 751 3803 τὸν
783 3741 881 3823 δῆμον
908 3739 1074 3818 Μελιτεύς,
1112 3738 1154 3820 ὡς
1175 3741 1401 3828 Ἀριστοφάνης

224 3825 351 3908 Ὥραις,
379 3822 523 3900 πλούσιος
549 3827 600 3890 καὶ
622 3831 798 3908 πασχητιῶν
819 3830 870 3891 καί
890 3822 950 3892 abab
973 3829 1135 3912 πορνιδίων
1156 3829 1402 3914 διαφοροίμενος
1503 3875 1504 3882 1

232 3917 282 3975 ael
308 3910 441 3987 κόλακας
466 3911 595 3995 τρέφων.
649 3913 715 3986 Εἰς
740 3911 779 3974 δὲ
805 3915 1035 3998 στιγματίαν
1066 3911 1180 3978 adacio
1207 3918 1401 4000 Κρατῖνος

233 3999 417 4084 κωμῳδεῖ,
440 3992 482 4072 ὡς
503 3997 555 4060 ἕνα
576 4001 637 4060 τῶν
657 3992 841 4082 κατάχρεων.
889 3999 927 4063 Oi
947 3997 1006 4083 γὰρ
1029 3994 1229 4079 δανειζόμενοι
1250 4000 1305 4078 τὰς
1327 3999 1402 4084 κτή-

77 4123 86 4162 .·
141 4115 148 4158 t
201 4149 204 4154 ,
232 4106 294 4158 σεις
323 4079 507 4146 baral-baono
540 4082 591 4144 καί
622 4081 794 4166 ἐπέγραφον
820 4081 917 4160 αδτδς
943 4087 985 4158 εἷς
1010 4083 1046 4148 τὸ
1073 4079 1309 4168 γιγνώσκεσθαι,
1354 4085 1403 4152 ὅτι

231 4163 392 4252 ὃποδῆκαί
415 4170 500 4230 εἰσιν·
536 4163 609 4230 ὅθεν
636 4170 686 4242 καί
714 4167 898 4256 Μένανδρος
919 4165 1061 4233 ἄστικτον
1087 4169 1200 4255 χωρίον
1227 4167 1328 4238 εἰώθει
1350 4172 1401 4236 λί-

234 4304 324 4319 ,ὑπ-οδ-

299 4371 327 4434 “)
363 4371 496 4424 Lucienus
519 4371 585 4425 haee
606 4369 682 4425 dicit:
717 4371 760 4422 Εν
784 4383 859 4430 οσοις
881 4369 912 4424 δὲ
935 4377 1054 4439 αγαθοΐς
1075 4372 1198 4433 Καλλίας
1214 4373 1262 4427 καὶ
1278 4373 1401 4436 Μειδίας
1502 4441 1503 4446 ¹

232 4439 281 4492 ιιιιδ
294 4432 532 4508 Σαρδανάπαλος,
549 4435 778 4513 ὑπερτρυφῶντες
794 4441 842 4492 καί
859 4441 915 4492 τῶν
929 4435 974 4491 δι’
995 4435 1095 4500 αὐτοὺς
1110 4435 1330 4504 coronarium„
1363 4446 1373 4505 f
