3042 5070
177 415 208 440 ,„
266 331 310 400 νο
625 323 1063 398 -ceunmnuuurouus

267 499 331 570 Sed
356 520 450 584 neque
477 497 651 566 Athenaeus
677 519 773 586 neque
794 498 905 564 Pollux
926 497 1000 565 satis
1021 503 1102 565 recte
1124 499 1265 570 hocloco
1286 503 1333 569 usi
1355 511 1441 570 suut:

266 588 344 654 alter
364 585 442 650 enim
462 585 588 672 probare
611 583 687 666 vult,
722 580 873 664 ὠμόλινον
894 605 962 650 essa
983 585 1121 667 linteum,
1157 607 1214 685 quo
1236 609 1340 654 manus
1362 590 1444 655 iuter

266 693 387 737 coenam
413 670 655 757 abstergeantur,
692 669 767 734 alter
787 669 908 734 linteum
929 671 1120 758 interpretari
1149 671 1281 756 vudetur,
1314 695 1370 759 quo
1400 675 1444 739 la·

265 764 370 822 vantes
392 761 519 819 utantur.
562 753 606 818 At
630 775 703 817 vero
732 752 849 819 Cratini
875 755 956 819 locus
984 755 1075 843 longe
1102 754 1189 820 aliter
1210 765 1256 822 est
1278 759 1444 846 explanan-

266 842 336 908 dus:
379 839 496 903 videtur
523 839 600 902 euim
626 845 713 927 poeta
734 839 771 902 de
792 839 916 904 muliere
937 840 1033 925 loqui,
1074 861 1147 924 quae
1170 861 1281 907 comam
1302 844 1443 912 sordibus

266 928 339 992 satis
361 931 391 989 et
410 924 512 988 illuvie
533 924 714 1008 inquinatam
735 923 826 988 linteo
857 925 1037 989 obvolverat.
1080 925 1184 1010 Neque
1206 927 1347 992 abhorret
1367 929 1443 995 haec

265 1011 469 1098 interpretatio
492 1031 510 1072 a
529 1009 576 1072 rei
597 1015 719 1072 natura:
756 1010 870 1097 pariter
886 1007 1109 1095 χειρόμακτρον
1131 1031 1243 1096 quoque
1269 1013 1378 1079 dicitur
1405 1015 1443 1080 de

264 1097 416 1165 involucro
438 1094 541 1182 eapitis
567 1094 599 1157 in
620 1093 757 1158 versibus
780 1092 917 1186 Sapphus
939 1095 1017 1186 apud
1039 1094 1226 1163 Athenaeum
1246 1097 1373 1165 ibidem:

349 1175 571 1266 Χειρόμακτρα
593 1179 626 1242 δὲ
647 1184 809 1261 κακκομῶν

347 1267 516 1350 Πορφορᾶ.

262 1351 316 1421 Sic
328 1351 406 1416 enim
418 1349 576 1438 legendnm
588 1355 654 1432 est,
675 1355 707 1414 et
718 1347 893 1414 Athenaeus
911 1347 1028 1435 quidem
1044 1350 1154 1415 diserte
1165 1349 1236 1416 dicit
1252 1353 1356 1441 capitis
1369 1377 1441 1420 esse

202 1497 204 1503 .
263 1443 477 1518 oruamentum,
499 1441 703 1523 comparatque
725 1436 817 1500 verba
828 1435 988 1500 Hecataei:
1017 1438 1164 1511 Γυναῖκες
1186 1435 1217 1500 δ’
1242 1439 1290 1500 lul
1312 1445 1367 1521 τῆς
1388 1465 1441 1504 κε-

263 1527 365 1610 φαλῆς
386 1520 488 1604 όχοοσι
507 1518 716 1603 χειρόμακτρα
738 1526 768 1585 et
789 1519 877 1584 alium
899 1521 994 1585 locum
1016 1519 1162 1586 Herodoti
1184 1521 1353 1611 subiungit,
1376 1546 1440 1591 am-

261 1610 383 1696 biguum
404 1627 500 1692 neque
522 1607 595 1670 satis
617 1604 753 1670 similem.
794 1605 858 1670 lam
880 1606 1008 1670 sirecte
1030 1606 1108 1671 huuc
1129 1627 1249 1673 versum
1270 1609 1440 1694 emendavi,

261 1693 359 1768 πλέως
380 1692 487 1757 dictum
514 1699 561 1755 est
580 1711 633 1779 pro
655 1690 750 1755 πλέον
783 1690 852 1754 talis
880 1697 976 1756 autem
1002 1689 1099 1755 forma
1124 1711 1307 1777 nequaquam
1329 1695 1439 1760 ahhor-

178 1777 182 1791 “
260 1785 309 1846 ret
329 1779 365 1843 ab
387 1799 443 1842 usu
484 1783 582 1858 oetas,
612 1775 664 1860 qui
685 1795 746 1838 nou
767 1795 860 1863 pauca
880 1783 931 1840 aut
951 1776 1073 1840 novavit
1093 1783 1143 1840 aut
1165 1783 1309 1842 vetustate
1331 1779 1438 1846 obruta

260 1863 423 1932 revocavit:
457 1799 531 1926 daec
558 1866 654 1926 autem
686 1860 782 1924 forma
805 1860 852 1924 vel
872 1881 927 1949 per
947 1881 981 1925 se
1002 1862 1076 1926 satis
1097 1861 1187 1926 habet
1208 1864 1438 1930 commendatio-

259 1951 325 2031 nis,
368 1970 435 2013 cnm
462 1945 557 2012 Attici
584 1947 621 2010 ad
643 1945 767 2009 eandem
788 1966 921 2009 normam
941 1945 1082 2034 pleraque
1103 1946 1264 2028 adiectiva‚
1307 1969 1380 2033 quae
1403 1953 1437 2016 in

260 2059 302 2110 ως
334 2034 456 2115 cadunt,
494 2031 725 2120 composuerint,
759 2031 802 2094 uti
829 2026 845 2093 ό
873 2028 1019 2113 ἡλλεως,
1051 2029 1087 2094 τό
1105 2032 1196 2095 λλεων
1216 2053 1335 2120 semper
1355 2035 1437 2102 dioe-

257 2122 364 2200 batur.
395 2125 425 2183 et
453 2117 555 2182 eodem
576 2123 660 2204 pacto
681 2116 715 2178 iu
736 2114 887 2179 adieetivis
905 2116 1094 2204 compositis,
1130 2127 1163 2181 ut
1185 2112 1199 2180 ό
1223 2113 1243 2199 ἡ
1265 2113 1435 2199 ἀνάπλεως,

257 2204 294 2270 τό
322 2200 493 2266 ovantem:
538 2202 697 2286 antiquitus
724 2205 820 2264 autem
851 2200 967 2264 videtur
988 2200 1019 2267 id
1041 2202 1129 2265 etiam
1149 2201 1182 2265 in
1203 2203 1331 2290 simplex
1351 2204 1435 2270 adie-

257 2291 366 2357 ctivum
387 2289 509 2369 cadere,
541 2294 571 2350 et
590 2286 737 2373 reperitur
757 2284 845 2349 huius
866 2286 980 2350 formae
1001 2287 1169 2352 etiamnunc
1189 2288 1349 2375 vestigium
1368 2311 1434 2355 non
1507 2325 1508 2352 l

340 2479 635 2625 Νόσχμζνράτοπρίας
655 2479 764 2604 πλίωνρ.
786 2479 802 2530 ς
1506 2595 1507 2618 q

275 2651 427 2715 uamquam
453 2627 496 2691 ibi
521 2626 585 2690 cod.
612 2625 689 2690 Rav.
724 2632 755 2689 et
786 2623 865 2694 Ven.
889 2625 1003 2713 pariter
1029 2630 1114 2711 atque
1141 2623 1250 2692 Suidas
1272 2627 1432 2715 vulgarem
1506 2619 1507 2634 ¹

253 2653 380 2784 dormam
407 2712 499 2776 πλέον
526 2712 682 2778 exhibent:
725 2731 797 2796 quos
829 2732 889 2774 nou
916 2732 1032 2796 sequor.
1079 2710 1121 2775 Et
1148 2711 1263 2776 videtur
1291 2713 1369 2778 idem
1397 2715 1432 2780 iu

255 2797 474 2888 corruptissimo
507 2797 571 2861 loco
603 2795 814 2884 Aristophanis
844 2796 1009 2882 Lysistrat.
1035 2817 1064 2860 v.
1096 2797 1188 2862 1050.
1215 2797 1432 2866 restituendum

256 2908 338 2967 esse,
360 2885 402 2948 ihi
424 2884 502 2948 euim
523 2883 658 2946 instituta
678 2883 827 2946 sententia
847 2882 987 2968 requirit,
1018 2887 1049 2946 ut
1070 2882 1252 2970 corrigatur:

332 2967 417 3036 Ἀλλ’
442 2967 647 3052 ἐπαγγελλέτω

274 3107 300 3146 ,
337 3058 411 3130 Πᾶς
432 3052 509 3137 ἀνὴρ
532 3056 581 3115 καὶ
603 3046 688 3136 γονή,

339 3139 383 3202 Εἴ
399 3143 445 3214 τις
466 3137 642 3224 ἀργυρίδιον
664 3139 725 3201 δεῖ·

341 3229 404 3288 Ται
425 3228 545 3304 λαβεῖν,
566 3229 645 3303 μνᾶς
665 3221 685 3306 ἢ
707 3217 757 3286 dd’
781 3215 800 3305 ἢ
822 3230 910 3307 τρεῖς·

332 3307 389 3385 Ὡς
410 3309 507 3373 πλέεν
523 3307 624 3374 ’στὶν

330 3392 495 3477 Ἅχομεν
514 3389 677 3475 βαλάντια.
1504 3377 1505 3463 l

254 3479 367 3547 Contra
394 3481 481 3544 etiarn
510 3481 543 3544 in
570 3477 729 3567 composito
757 3475 901 3541 adiectivo
928 3475 1039 3564 passim
1065 3475 1238 3564 alegitima
1258 3476 1355 3541 forma
1376 3499 1428 3542 re-

253 3567 375 3647 cedunt,
403 3567 446 3630 uti
466 3565 554 3629 Plato
577 3566 652 3629 dixit
672 3563 704 3626 in
724 3561 887 3625 Phaedone
908 3583 936 3649 p.
957 3561 1009 3626 83.
1030 3560 1072 3624 Ι).
1096 3561 1132 3624 de
1151 3566 1255 3648 ψυχῇ·
1274 3559 1429 3646 Ἀναγκό-

253 3653 333 3726 ζεται
361 3647 446 3732 οἶμαι
473 3645 645 3736 ὃμότροτιός
671 3671 703 3711 τε
730 3649 781 3708 καὶ
812 3643 987 3731 ὁμότροφος
1012 3646 1169 3729 γίγνεσθαι
1196 3683 1239 3696 -
1266 3644 1336 3709 ἀλλ’
1362 3649 1424 3710 alal

206 3764 212 3768 ·
252 3736 390 3801 ἀναιτλία
411 3741 466 3800 τοῦ
488 3732 631 3816 σώματος
652 3730 775 3808 ἓξιίναιε
809 3732 856 3796 cui
876 3752 937 3795 nou
958 3731 1101 3795 dissimile
1123 3731 1199 3818 quod
1220 3731 1331 3818 legitur
1351 3732 1426 3799 ibid.
1503 3705 1504 3783 ί

252 3823 334 3888 infra
358 3845 387 3912 p.
413 3822 465 3888 95.
494 3819 549 3885 Λα
582 3819 621 3882 τὰ
646 3818 702 3900 μὲν
723 3812 887 3900 Ἁρμονίας
907 3813 980 3900 ἡμῖν
1000 3822 1054 3899 τῆς
1079 3817 1239 3900 Θηβαϊκῇς
1255 3813 1323 3880 ‘idaci
1346 3842 1425 3898 πως,

252 3903 295 3984 ὣς
315 3907 406 3986 ἕοικε,
433 3905 563 3988 μετρίως
579 3903 689 3988 γίγονε.

336 3993 387 4059 Ad
407 3990 603 4058 Archilochos
626 3989 750 4072 denique
770 3986 960 4053 referendum
985 3992 1055 4077 puto
1081 3985 1173 4068 illud,
1206 3985 1283 4072 quod
1310 3986 1425 4074 legitur

252 4079 328 4167 apud
367 4077 563 4143 Scholiastam
595 4072 806 4182 Aristophanis
838 4073 871 4137 in
902 4072 983 4137 Pace
1020 4094 1047 4136 v.
1083 4070 1170 4137 us:
1224 4073 1424 4154 Ναξιουργὴς

251 4161 422 4247 κάνθαρος·
457 4156 672 4242 στοχάσασθαι
699 4163 780 4226 ε’στιν
807 4158 895 4223 οὖόέν
921 4158 1012 4222 πλέον
1038 4153 1057 4239 ἢ
1084 4153 1131 4220 ὅτι
1157 4160 1249 4220 πλοῖα
1275 4149 1313 4239 ἦν
1340 4155 1423 4222 οὕτω

251 4247 412 4333 λεγόμενα,
434 4244 601 4330 κάνθαροι,
623 4248 655 4310 ἐν
675 4241 783 4331 Νάξῳ.
809 4241 968 4328 γιγνόμενα
988 4247 1025 4328 τῇ
1047 4237 1146 4328 νήσῳ,
1168 4237 1210 4316 ὥς
1231 4248 1285 4304 νῦν
1306 4243 1423 4327 σίλφας
1501 4261 1502 4264 ’

250 4334 319 4397 τινὰ
341 4332 478 4417 λέγουσιν
500 4330 630 4396 ἀκατίων
652 4331 726 4396 eth.
764 4329 859 4395 Ἀλλὰ
885 4331 935 4392 καὶ
962 4326 1130 4407 σωμικόν
1161 4325 1305 4408 (σομικόν
1332 4329 1419 4411 475.)

250 4415 390 4504 τρόπος
414 4411 563 4508 τρόπων
583 4441 678 4507 φησιν
697 4358 716 4483 ό
738 4417 909 4504 Κρατῖνος·
936 4414 1010 4480 haee
1031 4413 1110 4480 enim
1129 4412 1223 4479 verba
1243 4413 1421 4480 obscurissi-
