3000 5048
305 333 365 402 DE
384 333 528 412 puolo.
548 331 737 404 ὓθΜΟΕῘ).
756 329 860 402 ΔΤΤ.
879 331 1025 408 ummo.
1184 327 1249 405 llo

86 503 500 573 AddeGratinuquniorem
520 501 707 593 inOmphule
729 501 805 590 opud
817 499 1078 571 AthenaeumXV.
1092 498 1249 591 puceu:

169 593 276 654 Πίνειν
295 589 426 672 μένοντα
445 589 499 653 τόν
520 593 622 663 καλῶς
641 587 807 668 εὐδαίμονα

170 677 338 762 Κρεῖττον·
358 671 460 756 μάχης
481 672 511 738 δ’
537 671 655 736 dilucet
678 674 727 736 uel
749 668 843 735 πόνου
864 669 963 750 μέλοι.

84 761 127 825 iia
154 761 233 824 enim
264 759 398 847 corrigo,
432 765 482 823 aut
507 755 605 840 μάχαι
632 755 663 820 δ’
694 753 814 820 ἄλλοισι
843 757 895 818 καὶ
926 751 1041 831 πόνος
1071 755 1168 836 μέλοι.
1210 757 1252 822 Ei

83 851 239 934 praeterea
258 843 457 909 Menandrum
478 843 510 907 in
531 843 861 908 Heautontimorumeno
881 861 911 928 p.
925 841 969 907 5⁵
990 841 1037 906 ed.
1057 841 1208 908 Meiuek.:

173 927 260 993 Οέκοι
280 928 380 1009 μένειν
398 928 459 1012 χρὴ
480 930 531 992 καὶ
551 928 650 1008 μένειν
665 923 833 1011 1ἐλεύθερον

156 1010 205 1078 Ἢ
232 1012 340 1096 μηκέτ’
364 1009 438 1076 εἶναι
465 1013 519 1078 τὸν
544 1017 646 1087 καλῶς
672 1009 847 1092 εόδαίμονα.

82 1098 125 1164 ita
146 1106 179 1162 ut
198 1098 256 1164 hoc
277 1097 393 1163 dicendi
415 1097 565 1186 genesin
586 1097 771 1186 proverbium
794 1096 905 1160 abiisse
927 1093 1069 1162 videatur.
1113 1093 1252 1162 Ceterum

83 1181 161 1272 opud
181 1181 368 1248 Athenaeum
396 1181 581 1247 scribendum
609 1188 655 1246 est
676 1183 707 1245 ἐν
724 1179 936 1255 Ὀδυσσεῦσιν,
964 1201 1024 1243 nou
1046 1184 1078 1244 ln
1094 1179 1252 1259 Ὀδυσσεῖ,

82 1267 160 1352 quod
180 1267 273 1354 vulgo
294 1267 414 1355 legitur.
447 1265 566 1348 suidas,
587 1267 637 1330 uhi
659 1265 846 1356 Theopompi
867 1265 984 1328 fabulas
1004 1277 1150 1348 recenset,
1171 1272 1252 1330 recte

81 1353 161 1416 hanc
188 1351 318 1418 [abolem
340 1351 498 1427 Ὀδυσσεῖς
524 1358 624 1416 vocat:
669 1358 754 1436 etque
781 1351 823 1414 ite
856 1350 942 1414 etiam
969 1349 1080 1413 Pollux
1105 1349 1172 1418 Vll.
1194 1349 1251 1416 74:

85 1435 273 1518 Θεόπομπος
294 1435 324 1500 δ’
350 1437 382 1501 ἓν
399 1435 599 1501 Ὀδυσσεῦσιν
626 1436 675 1498 ἐπὶ
697 1432 840 1498 διακόνου
863 1433 938 1520 ἔφη,
967 1431 1073 1498 λάσιον
1094 1437 1253 1516 δπιβεβλη·

79 1521 182 1602 μένος.
214 1519 326 1589 Verum
347 1529 484 1610 corrupte
505 1529 588 1603 sont,
611 1541 685 1605 quae
706 1520 847 1606 leguntur
867 1520 942 1607 apud
965 1518 1160 1584 Scholiastum
1181 1520 1254 1584 Ari·

81 1607 179 1695 stoph.
201 1605 293 1694 Vesp.
314 1627 343 1671 v.
367 1607 466 1670 1337:
495 1609 560 1670 Kal
582 1603 666 1690 παρὰ
691 1603 867 1691 Θεοπόμπῳ
889 1607 921 1668 έν
940 1603 1088 1668 Ὀδυσσεῖ.
1122 1605 1254 1670 scriher-

80 1690 150 1758 dum
171 1692 206 1756 έν
223 1689 490 1755 Ὀδυσσεῦσιν·

165 1778 212 1842 A.
227 1773 292 1840 Ἵνα
312 1772 357 1855 μὴ
377 1772 413 1838 τὸ
435 1771 567 1836 παλαιδν
586 1777 678 1836 τοῦτο
700 1773 750 1835 καὶ
772 1769 985 1857 θρυλούμενον

166 1856 225 1924 Δι’
248 1855 402 1941 ἡμετέρων
422 1853 583 1938 πομάτων
609 1856 684 1922 εἴπω
704 1853 854 1942 σόφισμα.
897 1861 937 1922 Β.
962 1858 1019 1940 Ti,-

166 1945 214 2008 A.
238 1940 279 2006 “O
299 1965 376 2027 φασι
397 1944 511 2017 παῖδας
530 1943 679 2022 ΛεσβΙων
699 1937 796 2024 εὖρεῖν
817 1965 899 2006 ποτε.

78 2027 270 2112 Colloquitur
291 2026 408 2111 aliquis,
429 2034 461 2091 ut
483 2025 598 2091 videtur
612 2026 729 2102 Ulixes,
753 2047 817 2090 cnm
839 2025 982 2116 Cyclope,
1004 2032 1118 2091 etcum
1140 2033 1254 2118 turpem

75 2115 168 2178 istam
189 2133 256 2176 rem
283 2111 408 2176 obscuro
435 2111 532 2196 aliquo
553 2112 645 2182 verho
672 2111 918 2198 significavisset,
945 2113 1019 2176 haec
1040 2113 1161 2177 adiecit:
1201 2114 1254 2178 ira

75 2196 122 2279 μὴ
144 2195 182 2260 cd
196 2195 329 2259 παλαιόν
341 2200 418 2276 κτλ,
439 2217 513 2282 quae
535 2217 598 2260 cum
613 2194 743 2284 Cyclops
755 2217 816 2260 non
837 2198 910 2261 satis
932 2196 1123 2283 intelligeret,
1139 2200 1254 2300 quaerit

75 2303 119 2348 ex
148 2279 258 2362 Ulixe,
286 2281 331 2362 τί,·
373 2287 434 2344 tum
461 2279 512 2344 ille
539 2301 603 2344 rem
629 2281 811 2380 explanans,
841 2278 857 2344 ὅ
886 2306 964 2365 φασι
991 2282 1119 2359 παῖδας,
1150 2283 1254 2369 mquit,

74 2365 232 2446 Λεσβίων
253 2360 349 2449 εόρεῖν
361 2389 442 2429 ποτε.
465 2363 517 2429 Sic
538 2365 616 2428 enim
637 2365 683 2429 illr
705 2385 809 2429 versus
831 2367 1034 2432 conformandi
1046 2375 1123 2432 sunt.
1143 2365 1256 2432 Ὀδυσ-

74 2458 142 2527 σεΐς
164 2456 264 2514 autem
285 2471 406 2514 numero
426 2448 536 2550 plurali
555 2449 686 2514 fabulam
708 2449 798 2514 inseri
821 2451 860 2514 sit
881 2451 1109 2540 Theopompus,
1137 2459 1171 2516 ut
1191 2451 1256 2518 Uli-

73 2557 149 2601 xem
178 2555 241 2598 una
271 2555 335 2598 cum
363 2535 451 2598 rocirs
479 2533 748 2621 comprehenderet.
791 2471 904 2598 dudem
926 2547 973 2599 est
998 2537 1073 2600 rotie
1096 2535 1255 2602 Cretineae

73 2620 218 2699 fabulae,
261 2639 335 2704 quae
356 2625 386 2682 et
411 2619 478 2706 ipso
503 2625 550 2681 est
578 2618 721 2706 inscripta
737 2616 896 2694 Ὀδυσσεΐς
917 2620 1104 2706 eiusdemque
1129 2621 1187 2684 fuit
1208 2643 1256 2686 ar·

75 2703 244 2794 gumenti.·

168 2787 386 2874 Argumentum
413 2784 489 2870 quod
514 2785 606 2850 fuerit
630 2786 695 2850 eius
724 2786 909 2870 comoediae,
937 2808 1021 2872 quam
1044 2788 1255 2880 Theopompus

73 2875 211 2947 Παῖδας
232 2871 391 2959 appellavit
412 2877 442 2934 et
462 2891 536 2955 quae
557 2871 633 2934 ratio
654 2870 741 2934 huius
763 2872 905 2948 nominis,
928 2873 985 2936 etsi
1006 2875 1079 2937 sutis
1101 2875 1256 2941 obscurum

73 2967 141 3040 cst,
163 2977 323 3046 possumus
345 2962 442 3020 tamen
464 2955 630 3020 coniectura
651 2976 712 3020 non
732 2956 771 3020 im
792 2957 917 3022 rohahili
939 2959 1067 3043 assequi,
1090 2980 1144 3048 ope
1165 2961 1257 3047 potis·

73 3043 189 3110 simum
212 3041 276 3104 eius
302 3039 480 3126 fragmenti,
512 3041 589 3126 quod
609 3040 721 3106 Pollux
740 2978 810 3110 le.
831 3043 874 3109 66
896 3043 1050 3108 etiterum
1070 3043 1110 3108 X.
1133 3044 1194 3112 181
1217 3065 1256 3110 ex

72 3130 136 3198 hac¹
155 3125 263 3194 fabula
284 3124 454 3212 adscripsit:

168 3211 270 3292 Τηνδδ
292 3205 532 3294 περιζωσάμενος
553 3206 618 3272 nider
638 3209 786 3296 ioerplda

166 3293 377 3376 Κατάδεσμον
401 3291 480 3377 ἥβης
501 3293 710 3377 περιπέτασον.

73 3381 164 3449 sacis
189 3380 267 3446 enim
290 3387 427 3468 apparet,
456 3379 504 3443 his
533 3378 667 3444 versibus
689 3379 813 3464 aliquem
834 3379 964 3460 moueri,
985 3386 1018 3444 ut
1039 3381 1188 3470 cingulum
1210 3383 1256 3448 in·

73 3469 167 3548 duat,
214 3463 290 3550 quod
317 3465 412 3551 ipsum
447 3485 486 3527 ex
513 3484 585 3527 sene
612 3464 747 3528 iuvenem
779 3463 892 3529 reddat.
941 3461 1146 3548 Κατάδεσμος
1178 3469 1256 3534 enim

72 3562 364 3618 incantamentum
391 3555 453 3628 est,
487 3568 542 3633 quo
572 3567 662 3612 sensu
689 3549 842 3637 usurpavit
873 3549 950 3613 hanc
974 3551 1075 3616 vocem
1103 3553 1190 3618 Plato
1219 3555 1255 3618 de

70 3635 213 3726 Republ.
234 3633 275 3698 ll.
296 3656 325 3722 p.
336 3631 400 3700 364
420 3631 463 3696 B:
480 3630 624 3716 Ἀγάρται
646 3631 679 3697 δὲ
699 3636 750 3697 καὶ
770 3630 892 3714 μάντεις
912 3635 960 3698 ἐπὶ
982 3635 1134 3700 πλουσίων
1153 3635 1256 3718 θόρας

72 3719 180 3796 δόντες
202 3719 371 3795 πείθουσιν,
385 3712 435 3793 ,ῶς
456 3715 519 3781 ihu
542 3713 626 3800 παρά
640 3741 747 3804 σφισιν
767 3716 897 3799 δάναμις
911 3720 950 3783 du
971 3724 1054 3783 θεῶν
1065 3721 1255 3806 ποριζομένη,

70 3807 212 3880 θυσίαις
238 3827 269 3866 τε
297 3805 348 3868 καὶ
375 3803 529 3886 ἐπῳδαῖς,
564 3801 621 3866 εἴτε
648 3827 678 3867 τι
705 3799 841 3886 άδῖκημά
872 3828 927 3868 του
961 3804 1078 3888 γέγονεν
1107 3804 1206 3881 αὐτοῦ
1235 3805 1256 3890 ἢ

70 3889 260 3974 προγόνων,
304 3887 446 3952 άκεῖσθαι
472 3888 548 3968 μεθ’
578 3881 698 3968 ἡδονῶν
722 3913 754 3952 τε
782 3890 833 3951 καὶ
867 3886 993 3973 ἑορτῶν·
1037 3891 1087 3952 καὶ
1116 3886 1169 3954 έάν
1194 3891 1253 3956 τιν’

71 3973 203 4060 ἐχθρόν
236 3978 373 4082 πρμῇναι
402 3971 510 4057 ἐθέλῃ,
552 3970 630 4052 μετὰ
660 3977 797 4058 σμικρῶν
823 3974 968 4038 δαπανῶν
1000 3969 1112 4058 ὁμοίως
1139 3976 1257 4042 δίκαιον

69 4061 183 4145 ‹idirco›
211 4062 349 4138 βλάψαι,
383 4059 553 4140 ἐπαγωγαῖς
579 4058 640 4120 τισὶ
668 4060 718 4120 καὶ
745 4058 949 4141 καταδέσμοις
973 4057 1046 4134 rude
1070 4057 1180 4139 θεσός,
1215 4060 1257 4139 ῶς

69 4141 370 4298 ltt‘cntthr
384 4136 757 4314 dilwd‘smiiiiltpl‘
766 4143 1098 4311 ticilltdhpi
1119 4145 1257 4296 illiti

164 4277 165 4280 ,
309 4273 317 4290 ,
356 4273 364 4294 ,
405 4275 413 4292 ,
478 4275 487 4308 ‚
538 4273 546 4290 ‚

71 4319 181 4380 αὗται
208 4319 341 4393 γοητεῖαι
368 4307 540 4396 φαρμάκων
566 4313 619 4376 καὶ
645 4312 797 4376 ἓπαοιδῶν
821 4314 872 4376 καὶ
894 4309 1047 4393 δαιμόνων
1074 4319 1258 4401 προτροπαέ.

72 4408 108 4466 ct
121 4395 268 4464 similiter
279 4395 384 4462 dieitur
396 4391 556 4472 κατάδεσις
568 4396 645 4486 opud
654 4395 811 4462 Plutonem
827 4397 867 4462 de
877 4397 1014 4486 Legibus
1024 4397 1080 4466 XI.
1098 4422 1128 4490 p.
1138 4401 1256 4468 033D:
