<?xml version="1.0" encoding="UTF-8"?>
<!DOCTYPE html PUBLIC "-//W3C//DTD XHTML 1.0 Transitional//EN"
    "http://www.w3.org/TR/xhtml1/DTD/xhtml1-transitional.dtd">
<html xmlns="http://www.w3.org/1999/xhtml" xml:lang="en" lang="en">
 <head>
  <title>
</title>
<meta http-equiv="Content-Type" content="text/html;charset=utf-8" />
  <meta name='ocr-system' content='tesseract 3.04.00' />
  <meta name='ocr-capabilities' content='ocr_page ocr_carea ocr_par ocr_line ocrx_word'/>
</head>
<body>
  <div class='ocr_page' id='page_1' title='image "./commentationumd00kggoog_0303.png"; bbox 0 0 3096 5062; ppageno 0'>
   <div class='ocr_carea' id='block_1_1' title="bbox 290 321 1073 396">
    <p class='ocr_par' dir='ltr' id='par_1_1' title="bbox 290 321 1073 396">
     <span class='ocr_line' id='line_1_1' title="bbox 290 321 1073 396; baseline 0.001 -5"><span class='ocrx_word' id='word_1_1' title='bbox 290 325 356 392; x_wconf 80' lang='lat'><strong>272</strong></span> <span class='ocrx_word' id='word_1_2' title='bbox 671 321 1073 396; x_wconf 67' lang='lat' dir='ltr'><strong>commemorans</strong></span> 
     </span>
    </p>
   </div>
   <div class='ocr_carea' id='block_1_2' title="bbox 287 490 1458 2614">
    <p class='ocr_par' dir='ltr' id='par_1_2' title="bbox 289 490 1458 586">
     <span class='ocr_line' id='line_1_2' title="bbox 289 490 1458 586; baseline -0.001 -22"><span class='ocrx_word' id='word_1_3' title='bbox 289 494 434 564; x_wconf 77' lang='lat' dir='ltr'><strong>Fortasse</strong></span> <span class='ocrx_word' id='word_1_4' title='bbox 459 500 555 562; x_wconf 86' lang='lat' dir='ltr'><strong>autem</strong></span> <span class='ocrx_word' id='word_1_5' title='bbox 580 491 733 582; x_wconf 84' lang='lat' dir='ltr'><strong>Saunyriu</strong></span> <span class='ocrx_word' id='word_1_6' title='bbox 761 491 835 559; x_wconf 92' lang='lat' dir='ltr'><strong>illud</strong></span> <span class='ocrx_word' id='word_1_7' title='bbox 852 490 1056 582; x_wconf 64' lang='lat' dir='ltr'><strong>,spectaculum</strong></span> <span class='ocrx_word' id='word_1_8' title='bbox 1082 491 1217 558; x_wconf 85' lang='lat' dir='ltr'><strong>exhibuit</strong></span> <span class='ocrx_word' id='word_1_9' title='bbox 1248 493 1281 560; x_wconf 90' lang='lat' dir='ltr'><strong>in</strong></span> <span class='ocrx_word' id='word_1_10' title='bbox 1305 494 1359 562; x_wconf 89' lang='lat' dir='ltr'><strong>illa</strong></span> <span class='ocrx_word' id='word_1_11' title='bbox 1384 496 1458 586; x_wconf 84' lang='lat' dir='ltr'><strong>ipsa</strong></span> 
     </span>
    </p>

    <p class='ocr_par' dir='ltr' id='par_1_3' title="bbox 291 575 1457 668">
     <span class='ocr_line' id='line_1_3' title="bbox 291 575 1457 668; baseline -0.001 -20"><span class='ocrx_word' id='word_1_12' title='bbox 291 581 456 663; x_wconf 75' lang='lat' dir='ltr'>comoedia,</span> <span class='ocrx_word' id='word_1_13' title='bbox 483 579 530 644; x_wconf 90' lang='lat' dir='ltr'><strong>cui</strong></span> <span class='ocrx_word' id='word_1_14' title='bbox 549 579 652 654; x_wconf 87' lang='grc' dir='ltr'><strong><em>Γέλως</em></strong></span> <span class='ocrx_word' id='word_1_15' title='bbox 672 599 779 644; x_wconf 84' lang='grc' dir='ltr'><strong>ιιοιιιοιι</strong></span> <span class='ocrx_word' id='word_1_16' title='bbox 799 578 872 660; x_wconf 82' lang='lat' dir='ltr'><strong>fuit,</strong></span> <span class='ocrx_word' id='word_1_17' title='bbox 897 578 930 642; x_wconf 95' lang='lat' dir='ltr'><strong>in</strong></span> <span class='ocrx_word' id='word_1_18' title='bbox 951 597 1008 664; x_wconf 90' lang='lat' dir='ltr'><strong>qua</strong></span> <span class='ocrx_word' id='word_1_19' title='bbox 1034 577 1121 642; x_wconf 89' lang='lat' dir='ltr'><strong>etiam</strong></span> <span class='ocrx_word' id='word_1_20' title='bbox 1141 575 1284 644; x_wconf 83' lang='lat' dir='ltr'><strong>Maletum</strong></span> <span class='ocrx_word' id='word_1_21' title='bbox 1304 581 1457 668; x_wconf 83' lang='lat' dir='ltr'><strong>tragicum</strong></span> 
     </span>
    </p>

    <p class='ocr_par' dir='ltr' id='par_1_4' title="bbox 290 661 1457 818">
     <span class='ocr_line' id='line_1_4' title="bbox 290 661 1457 818; baseline 0.002 -87"><span class='ocrx_word' id='word_1_22' title='bbox 290 668 374 818; x_wconf 59' lang='lat' dir='ltr'><strong>qisl&#39;qt,</strong></span> <span class='ocrx_word' id='word_1_23' title='bbox 394 663 583 815; x_wconf 58' lang='lat' dir='ltr'><strong>vitd3dtlr1gga</strong></span> <span class='ocrx_word' id='word_1_24' title='bbox 602 663 672 814; x_wconf 61' lang='lat' dir='ltr'><strong>Xltl.</strong></span> <span class='ocrx_word' id='word_1_25' title='bbox 692 685 721 754; x_wconf 81' lang='lat' dir='ltr'><strong>p.</strong></span> <span class='ocrx_word' id='word_1_26' title='bbox 741 663 805 730; x_wconf 73' lang='lat'><strong>551</strong></span> <span class='ocrx_word' id='word_1_27' title='bbox 827 661 870 745; x_wconf 73' lang='grc' dir='ltr'><strong><em>ὓς</em></strong></span> <span class='ocrx_word' id='word_1_28' title='bbox 891 683 992 728; x_wconf 84' lang='lat' dir='ltr'><strong>uerum</strong></span> <span class='ocrx_word' id='word_1_29' title='bbox 1012 661 1091 728; x_wconf 89' lang='lat' dir='ltr'><strong>euim</strong></span> <span class='ocrx_word' id='word_1_30' title='bbox 1110 684 1182 728; x_wconf 83' lang='lat' dir='ltr'><strong>uero</strong></span> <span class='ocrx_word' id='word_1_31' title='bbox 1202 663 1277 729; x_wconf 87' lang='lat' dir='ltr'><strong>haec</strong></span> <span class='ocrx_word' id='word_1_32' title='bbox 1296 665 1457 732; x_wconf 79' lang='lat' dir='ltr'><strong>admodum</strong></span> 
     </span>
     <span class='ocr_line' id='line_1_5' title="bbox 351 770 662 816; baseline -0.003 -1"><span class='ocrx_word' id='word_1_33' title='bbox 351 773 418 816; x_wconf 85' lang='lat' dir='ltr'><strong>rae</strong></span> <span class='ocrx_word' id='word_1_34' title='bbox 450 771 516 814; x_wconf 80' lang='lat' dir='ltr'><strong>unce</strong></span> <span class='ocrx_word' id='word_1_35' title='bbox 584 770 662 814; x_wconf 92' lang='lat' dir='ltr'><strong>sun.</strong></span> 
     </span>
    </p>

    <p class='ocr_par' dir='ltr' id='par_1_5' title="bbox 287 774 1457 2614">
     <span class='ocr_line' id='line_1_6' title="bbox 313 774 1457 924; baseline 0.001 -25"><span class='ocrx_word' id='word_1_36' title='bbox 313 774 331 817; x_wconf 69' lang='lat' dir='ltr'>u</span> <span class='ocrx_word' id='word_1_37' title='bbox 374 835 438 899; x_wconf 91' lang='lat' dir='ltr'><strong>lam</strong></span> <span class='ocrx_word' id='word_1_38' title='bbox 458 834 544 924; x_wconf 86' lang='lat' dir='ltr'><strong>plura</strong></span> <span class='ocrx_word' id='word_1_39' title='bbox 556 833 685 922; x_wconf 86' lang='lat' dir='ltr'><strong>vestigia</strong></span> <span class='ocrx_word' id='word_1_40' title='bbox 705 830 817 898; x_wconf 89' lang='lat' dir='ltr'><strong>antini</strong></span> <span class='ocrx_word' id='word_1_41' title='bbox 837 829 918 897; x_wconf 92' lang='lat' dir='ltr'><strong>illius</strong></span> <span class='ocrx_word' id='word_1_42' title='bbox 939 830 1030 897; x_wconf 88' lang='lat' dir='ltr'><strong>moris</strong></span> <span class='ocrx_word' id='word_1_43' title='bbox 1050 830 1084 896; x_wconf 95' lang='lat' dir='ltr'><strong>in</strong></span> <span class='ocrx_word' id='word_1_44' title='bbox 1104 831 1260 898; x_wconf 86' lang='lat' dir='ltr'><strong>comoediis</strong></span> <span class='ocrx_word' id='word_1_45' title='bbox 1281 831 1347 898; x_wconf 87' lang='lat' dir='ltr'><strong>sine</strong></span> <span class='ocrx_word' id='word_1_46' title='bbox 1362 832 1457 900; x_wconf 90' lang='lat' dir='ltr'><strong>dubio</strong></span> 
     </span>
     <span class='ocr_line' id='line_1_7' title="bbox 291 917 1456 1002; baseline -0.002 -15"><span class='ocrx_word' id='word_1_47' title='bbox 291 919 607 1002; x_wconf 76' lang='lat' dir='ltr'><strong>animadverteremus,</strong></span> <span class='ocrx_word' id='word_1_48' title='bbox 649 918 676 984; x_wconf 89' lang='lat' dir='ltr'><strong>si</strong></span> <span class='ocrx_word' id='word_1_49' title='bbox 702 925 733 982; x_wconf 89' lang='lat' dir='ltr'><strong>et</strong></span> <span class='ocrx_word' id='word_1_50' title='bbox 761 918 769 934; x_wconf 84' lang='lat'><strong><em>&#39;</em></strong></span> <span class='ocrx_word' id='word_1_51' title='bbox 795 939 878 982; x_wconf 86' lang='grc' dir='ltr'><strong>οιιιιιι</strong></span> <span class='ocrx_word' id='word_1_52' title='bbox 909 917 1053 982; x_wconf 88' lang='lat' dir='ltr'><strong>rationem</strong></span> <span class='ocrx_word' id='word_1_53' title='bbox 1087 917 1249 982; x_wconf 87' lang='lat' dir='ltr'><strong>accuratius</strong></span> <span class='ocrx_word' id='word_1_54' title='bbox 1274 917 1456 985; x_wconf 73' lang='lat' dir='ltr'><strong>haberemus</strong></span> 
     </span>
     <span class='ocr_line' id='line_1_8' title="bbox 290 1001 1456 1102; baseline -0.001 -32"><span class='ocrx_word' id='word_1_55' title='bbox 290 1011 489 1096; x_wconf 81' lang='lat' dir='ltr'><strong>perspectam,</strong></span> <span class='ocrx_word' id='word_1_56' title='bbox 529 1010 560 1067; x_wconf 91' lang='lat' dir='ltr'><strong>et</strong></span> <span class='ocrx_word' id='word_1_57' title='bbox 584 1003 684 1093; x_wconf 80' lang='lat' dir='ltr'><strong>plures</strong></span> <span class='ocrx_word' id='word_1_58' title='bbox 709 1002 828 1068; x_wconf 79' lang='lat' dir='ltr'><strong>fabulae</strong></span> <span class='ocrx_word' id='word_1_59' title='bbox 859 1001 997 1102; x_wconf 80' lang='lat' dir='ltr'><strong>integrae</strong></span> <span class='ocrx_word' id='word_1_60' title='bbox 1022 1009 1123 1067; x_wconf 86' lang='lat' dir='ltr'><strong>essent</strong></span> <span class='ocrx_word' id='word_1_61' title='bbox 1149 1008 1294 1068; x_wconf 86' lang='lat' dir='ltr'><strong>servatae.</strong></span> <span class='ocrx_word' id='word_1_62' title='bbox 1346 1003 1456 1090; x_wconf 81' lang='lat' dir='ltr'><strong>Neque</strong></span> 
     </span>
     <span class='ocr_line' id='line_1_9' title="bbox 288 1086 1456 1188; baseline 0 -34"><span class='ocrx_word' id='word_1_63' title='bbox 288 1110 362 1156; x_wconf 82' lang='lat' dir='ltr'><strong>uero</strong></span> <span class='ocrx_word' id='word_1_64' title='bbox 384 1087 609 1154; x_wconf 80' lang='lat' dir='ltr'><strong>existimandum</strong></span> <span class='ocrx_word' id='word_1_65' title='bbox 637 1093 743 1154; x_wconf 85' lang='lat' dir='ltr'><strong>estex</strong></span> <span class='ocrx_word' id='word_1_66' title='bbox 768 1087 815 1152; x_wconf 94' lang='lat' dir='ltr'><strong>bis</strong></span> <span class='ocrx_word' id='word_1_67' title='bbox 841 1086 978 1176; x_wconf 88' lang='lat' dir='ltr'><strong>pbalbcis</strong></span> <span class='ocrx_word' id='word_1_68' title='bbox 998 1087 1176 1152; x_wconf 80' lang='lat' dir='ltr'><strong>carminibus</strong></span> <span class='ocrx_word' id='word_1_69' title='bbox 1199 1087 1272 1152; x_wconf 91' lang='lat' dir='ltr'><strong>solis</strong></span> <span class='ocrx_word' id='word_1_70' title='bbox 1290 1087 1456 1188; x_wconf 74' lang='lat' dir='ltr'><strong>primordia</strong></span> 
     </span>
     <span class='ocr_line' id='line_1_10' title="bbox 289 1171 1457 1263; baseline -0.001 -23"><span class='ocrx_word' id='word_1_71' title='bbox 289 1174 457 1240; x_wconf 87' lang='lat' dir='ltr'><strong>comoediae</strong></span> <span class='ocrx_word' id='word_1_72' title='bbox 478 1172 554 1263; x_wconf 90' lang='lat' dir='ltr'><strong>apud</strong></span> <span class='ocrx_word' id='word_1_73' title='bbox 577 1171 707 1239; x_wconf 82' lang='lat' dir='ltr'><strong>Graecus</strong></span> <span class='ocrx_word' id='word_1_74' title='bbox 727 1171 888 1262; x_wconf 87' lang='lat' dir='ltr'><strong>repetenda</strong></span> <span class='ocrx_word' id='word_1_75' title='bbox 908 1192 992 1236; x_wconf 88' lang='lat' dir='ltr'><strong>esse:</strong></span> <span class='ocrx_word' id='word_1_76' title='bbox 1013 1177 1115 1237; x_wconf 85' lang='lat' dir='ltr'><strong>errant</strong></span> <span class='ocrx_word' id='word_1_77' title='bbox 1135 1171 1231 1254; x_wconf 90' lang='lat' dir='ltr'><strong>euim,</strong></span> <span class='ocrx_word' id='word_1_78' title='bbox 1252 1193 1300 1258; x_wconf 87' lang='lat' dir='ltr'><strong>qur</strong></span> <span class='ocrx_word' id='word_1_79' title='bbox 1319 1172 1363 1238; x_wconf 87' lang='lat' dir='ltr'><strong>ita</strong></span> <span class='ocrx_word' id='word_1_80' title='bbox 1384 1195 1457 1240; x_wconf 88' lang='lat' dir='ltr'><strong>cou-</strong></span> 
     </span>
     <span class='ocr_line' id='line_1_11' title="bbox 290 1255 1456 1344; baseline -0.001 -19"><span class='ocrx_word' id='word_1_81' title='bbox 290 1266 368 1340; x_wconf 87' lang='lat' dir='ltr'><strong>sent‚</strong></span> <span class='ocrx_word' id='word_1_82' title='bbox 389 1259 494 1344; x_wconf 91' lang='lat' dir='ltr'><strong>quique</strong></span> <span class='ocrx_word' id='word_1_83' title='bbox 514 1257 694 1322; x_wconf 81' lang='lat' dir='ltr'><strong>arbitrantur</strong></span> <span class='ocrx_word' id='word_1_84' title='bbox 713 1257 840 1322; x_wconf 85' lang='lat' dir='ltr'><strong>infuisse</strong></span> <span class='ocrx_word' id='word_1_85' title='bbox 861 1255 948 1322; x_wconf 90' lang='lat' dir='ltr'><strong>etiam</strong></span> <span class='ocrx_word' id='word_1_86' title='bbox 963 1256 1112 1322; x_wconf 87' lang='lat' dir='ltr'><strong>bominum</strong></span> <span class='ocrx_word' id='word_1_87' title='bbox 1125 1256 1341 1323; x_wconf 84' lang='lat' dir='ltr'><strong>cavillationem</strong></span> <span class='ocrx_word' id='word_1_88' title='bbox 1361 1257 1456 1324; x_wconf 87' lang='lat' dir='ltr'><strong>male·</strong></span> 
     </span>
     <span class='ocr_line' id='line_1_12' title="bbox 291 1339 1456 1431; baseline 0 -23"><span class='ocrx_word' id='word_1_89' title='bbox 291 1344 464 1428; x_wconf 89' lang='lat' dir='ltr'><strong>dicendique</strong></span> <span class='ocrx_word' id='word_1_90' title='bbox 494 1342 652 1406; x_wconf 88' lang='lat' dir='ltr'><strong>licentiam.</strong></span> <span class='ocrx_word' id='word_1_91' title='bbox 695 1339 776 1406; x_wconf 82' lang='lat' dir='ltr'><strong>Sane</strong></span> <span class='ocrx_word' id='word_1_92' title='bbox 801 1341 884 1406; x_wconf 93' lang='lat' dir='ltr'><strong>cbori</strong></span> <span class='ocrx_word' id='word_1_93' title='bbox 909 1341 1056 1424; x_wconf 88' lang='lat' dir='ltr'><strong>carmina,</strong></span> <span class='ocrx_word' id='word_1_94' title='bbox 1088 1362 1162 1427; x_wconf 88' lang='lat' dir='ltr'><strong>quae</strong></span> <span class='ocrx_word' id='word_1_95' title='bbox 1185 1341 1317 1431; x_wconf 85' lang='lat' dir='ltr'><strong>perlecta</strong></span> <span class='ocrx_word' id='word_1_96' title='bbox 1342 1343 1456 1408; x_wconf 89' lang='lat' dir='ltr'><strong>comica</strong></span> 
     </span>
     <span class='ocr_line' id='line_1_13' title="bbox 291 1425 1456 1515; baseline -0.001 -22"><span class='ocrx_word' id='word_1_97' title='bbox 291 1449 341 1493; x_wconf 88' lang='lat' dir='ltr'><strong>ars</strong></span> <span class='ocrx_word' id='word_1_98' title='bbox 363 1428 498 1508; x_wconf 85' lang='lat' dir='ltr'><strong>exbibet,</strong></span> <span class='ocrx_word' id='word_1_99' title='bbox 529 1427 567 1491; x_wconf 91' lang='lat' dir='ltr'><strong>ad</strong></span> <span class='ocrx_word' id='word_1_100' title='bbox 592 1425 734 1515; x_wconf 86' lang='lat' dir='ltr'><strong>phullicas</strong></span> <span class='ocrx_word' id='word_1_101' title='bbox 754 1426 828 1491; x_wconf 88' lang='lat' dir='ltr'><strong>istas</strong></span> <span class='ocrx_word' id='word_1_102' title='bbox 854 1425 1016 1490; x_wconf 89' lang='lat' dir='ltr'><strong>cantilenas</strong></span> <span class='ocrx_word' id='word_1_103' title='bbox 1036 1426 1204 1492; x_wconf 90' lang='lat' dir='ltr'><strong>revocanda</strong></span> <span class='ocrx_word' id='word_1_104' title='bbox 1230 1433 1312 1492; x_wconf 77' lang='lat' dir='ltr'><strong>sunta</strong></span> <span class='ocrx_word' id='word_1_105' title='bbox 1339 1434 1370 1492; x_wconf 90' lang='lat' dir='ltr'><strong>at</strong></span> <span class='ocrx_word' id='word_1_106' title='bbox 1395 1427 1456 1492; x_wconf 84' lang='lat' dir='ltr'><strong>fuit</strong></span> 
     </span>
     <span class='ocr_line' id='line_1_14' title="bbox 289 1510 1456 1602; baseline -0.001 -24"><span class='ocrx_word' id='word_1_107' title='bbox 289 1513 377 1578; x_wconf 88' lang='lat' dir='ltr'><strong>etiam</strong></span> <span class='ocrx_word' id='word_1_108' title='bbox 398 1510 478 1576; x_wconf 91' lang='lat' dir='ltr'><strong>abud</strong></span> <span class='ocrx_word' id='word_1_109' title='bbox 491 1510 634 1598; x_wconf 88' lang='lat' dir='ltr'><strong>quoddam</strong></span> <span class='ocrx_word' id='word_1_110' title='bbox 654 1511 827 1593; x_wconf 90' lang='lat' dir='ltr'><strong>institutum,</strong></span> <span class='ocrx_word' id='word_1_111' title='bbox 849 1511 1032 1576; x_wconf 87' lang='lat' dir='ltr'><strong>coniunctum</strong></span> <span class='ocrx_word' id='word_1_112' title='bbox 1052 1510 1125 1576; x_wconf 93' lang='lat' dir='ltr'><strong>illud</strong></span> <span class='ocrx_word' id='word_1_113' title='bbox 1147 1511 1263 1598; x_wconf 87' lang='lat' dir='ltr'><strong>quidem</strong></span> <span class='ocrx_word' id='word_1_114' title='bbox 1284 1533 1349 1577; x_wconf 90' lang='lat' dir='ltr'><strong>cum</strong></span> <span class='ocrx_word' id='word_1_115' title='bbox 1368 1511 1456 1602; x_wconf 83' lang='lat' dir='ltr'><strong>pbal-</strong></span> 
     </span>
     <span class='ocr_line' id='line_1_15' title="bbox 288 1594 1453 1686; baseline -0.001 -23"><span class='ocrx_word' id='word_1_116' title='bbox 288 1595 347 1664; x_wconf 90' lang='lat' dir='ltr'><strong>lica</strong></span> <span class='ocrx_word' id='word_1_117' title='bbox 373 1617 438 1686; x_wconf 86' lang='lat' dir='ltr'><strong>pum</strong></span> <span class='ocrx_word' id='word_1_118' title='bbox 460 1618 496 1678; x_wconf 90' lang='lat' dir='ltr'><strong>a,</strong></span> <span class='ocrx_word' id='word_1_119' title='bbox 523 1617 563 1661; x_wconf 90' lang='lat' dir='ltr'><strong>ex</strong></span> <span class='ocrx_word' id='word_1_120' title='bbox 589 1615 645 1680; x_wconf 91' lang='lat' dir='ltr'><strong>quo</strong></span> <span class='ocrx_word' id='word_1_121' title='bbox 671 1596 852 1660; x_wconf 88' lang='lat' dir='ltr'><strong>incrementa</strong></span> <span class='ocrx_word' id='word_1_122' title='bbox 879 1617 912 1660; x_wconf 90' lang='lat' dir='ltr'><strong>ce</strong></span> <span class='ocrx_word' id='word_1_123' title='bbox 931 1595 956 1659; x_wconf 91' lang='lat' dir='ltr'><strong>it</strong></span> <span class='ocrx_word' id='word_1_124' title='bbox 982 1595 1141 1661; x_wconf 88' lang='lat' dir='ltr'><strong>comoedia.</strong></span> <span class='ocrx_word' id='word_1_125' title='bbox 1174 1594 1264 1662; x_wconf 82' lang='lat' dir='ltr'><strong>Servi</strong></span> <span class='ocrx_word' id='word_1_126' title='bbox 1291 1596 1370 1662; x_wconf 87' lang='lat' dir='ltr'><strong>euim</strong></span> <span class='ocrx_word' id='word_1_127' title='bbox 1395 1596 1453 1680; x_wconf 92' lang='lat' dir='ltr'><strong>illi,</strong></span> 
     </span>
     <span class='ocr_line' id='line_1_16' title="bbox 289 1617 1453 1780; baseline 0.002 -34"><span class='ocrx_word' id='word_1_128' title='bbox 289 1681 339 1768; x_wconf 93' lang='lat' dir='ltr'><strong>qui</strong></span> <span class='ocrx_word' id='word_1_129' title='bbox 365 1682 404 1771; x_wconf 85' lang='lat' dir='ltr'><strong>pb</strong></span> <span class='ocrx_word' id='word_1_130' title='bbox 446 1702 479 1745; x_wconf 88' lang='lat' dir='ltr'><strong>os</strong></span> <span class='ocrx_word' id='word_1_131' title='bbox 505 1687 645 1780; x_wconf 84' lang='lat' dir='ltr'><strong>gerentes</strong></span> <span class='ocrx_word' id='word_1_132' title='bbox 686 1681 881 1746; x_wconf 89' lang='lat' dir='ltr'><strong>raecedebant</strong></span> <span class='ocrx_word' id='word_1_133' title='bbox 905 1617 1011 1745; x_wconf 68' lang='lat' dir='ltr'><strong>deeras</strong></span> <span class='ocrx_word' id='word_1_134' title='bbox 1030 1700 1187 1768; x_wconf 89' lang='lat' dir='ltr'><strong>puerorum</strong></span> <span class='ocrx_word' id='word_1_135' title='bbox 1210 1687 1296 1766; x_wconf 89' lang='lat' dir='ltr'><strong>atque</strong></span> <span class='ocrx_word' id='word_1_136' title='bbox 1320 1681 1453 1748; x_wconf 78' lang='lat' dir='ltr'><strong>virorum</strong></span> 
     </span>
     <span class='ocr_line' id='line_1_17' title="bbox 288 1702 1455 1916; baseline 0 -84"><span class='ocrx_word' id='word_1_137' title='bbox 288 1767 496 1916; x_wconf 65' lang='lat' dir='ltr'><strong>iquenuorurlq,</strong></span> <span class='ocrx_word' id='word_1_138' title='bbox 517 1765 569 1914; x_wconf 74' lang='lat' dir='ltr'><strong>1qu</strong></span> <span class='ocrx_word' id='word_1_139' title='bbox 590 1765 655 1866; x_wconf 75' lang='lat' dir='ltr'><strong>ipso</strong></span> <span class='ocrx_word' id='word_1_140' title='bbox 666 1702 724 1915; x_wconf 49' lang='lat' dir='ltr'><strong>dgr,</strong></span> <span class='ocrx_word' id='word_1_141' title='bbox 727 1786 801 1914; x_wconf 62' lang='lat' dir='ltr'><strong>tesque</strong></span> <span class='ocrx_word' id='word_1_142' title='bbox 812 1764 958 1865; x_wconf 79' lang='lat' dir='ltr'><strong>Bacchica</strong></span> <span class='ocrx_word' id='word_1_143' title='bbox 977 1785 1080 1914; x_wconf 48' lang='lat' dir='ltr'><strong>affin</strong></span> <span class='ocrx_word' id='word_1_144' title='bbox 1084 1764 1324 1914; x_wconf 58' lang='lat' dir='ltr'><strong>celebrabtqnturq</strong></span> <span class='ocrx_word' id='word_1_145' title='bbox 1339 1787 1455 1916; x_wconf 78' lang='lat' dir='ltr'><strong>summq</strong></span> 
     </span>
     <span class='ocr_line' id='line_1_18' title="bbox 288 1870 1452 2034; baseline 0 -33"><span class='ocrx_word' id='word_1_146' title='bbox 288 1872 537 2025; x_wconf 61' lang='lat' dir='ltr'><strong>gnngqueheqqgr</strong></span> <span class='ocrx_word' id='word_1_147' title='bbox 554 1870 984 2020; x_wconf 55' lang='lat' dir='ltr'><strong>cauriliidbrelesultilitilitasmdqliad²</strong></span> <span class='ocrx_word' id='word_1_148' title='bbox 994 1871 1120 2034; x_wconf 64' lang='lat' dir='ltr'><strong>qluidenu1¹</strong></span> <span class='ocrx_word' id='word_1_149' title='bbox 1121 1871 1452 2034; x_wconf 50' lang='lat' dir='ltr'><strong>egessamqmuggnngdqql</strong></span> 
     </span>
     <span class='ocr_line' id='line_1_19' title="bbox 287 2019 1453 2120; baseline -0.002 -34"><span class='ocrx_word' id='word_1_150' title='bbox 287 2021 457 2120; x_wconf 69' lang='lat' dir='ltr'><strong>placuisset,</strong></span> <span class='ocrx_word' id='word_1_151' title='bbox 478 2019 614 2084; x_wconf 90' lang='lat' dir='ltr'><strong>videntur</strong></span> <span class='ocrx_word' id='word_1_152' title='bbox 634 2020 675 2119; x_wconf 75' lang='lat' dir='ltr'><strong>ita</strong></span> <span class='ocrx_word' id='word_1_153' title='bbox 695 2019 860 2120; x_wconf 78' lang='lat' dir='ltr'><strong>instituisse</strong></span> <span class='ocrx_word' id='word_1_154' title='bbox 879 2026 913 2084; x_wconf 89' lang='lat' dir='ltr'><strong>ut</strong></span> <span class='ocrx_word' id='word_1_155' title='bbox 932 2039 1013 2118; x_wconf 75' lang='lat' dir='ltr'><strong>servs</strong></span> <span class='ocrx_word' id='word_1_156' title='bbox 1026 2039 1076 2105; x_wconf 89' lang='lat' dir='ltr'><strong>qur</strong></span> <span class='ocrx_word' id='word_1_157' title='bbox 1095 2039 1218 2118; x_wconf 75' lang='lat' dir='ltr'><strong>ungento</strong></span> <span class='ocrx_word' id='word_1_158' title='bbox 1240 2019 1352 2117; x_wconf 38' lang='lat' dir='ltr'><strong>ceteris·</strong></span> <span class='ocrx_word' id='word_1_159' title='bbox 1366 2041 1453 2120; x_wconf 71' lang='lat' dir='ltr'><strong>prae·</strong></span> 
     </span>
     <span class='ocr_line' id='line_1_20' title="bbox 287 2102 1451 2289; baseline -0.002 -33"><span class='ocrx_word' id='word_1_160' title='bbox 287 2104 895 2289; x_wconf 67' lang='lat' dir='ltr'><strong>:tuarudduututu</strong></span> <span class='ocrx_word' id='word_1_161' title='bbox 916 2102 1298 2289; x_wconf 58' lang='lat' dir='ltr'><strong>:tutatae</strong></span> <span class='ocrx_word' id='word_1_162' title='bbox 1323 2104 1451 2289; x_wconf 61' lang='lat' dir='ltr'><strong>teus</strong></span> 
     </span>
     <span class='ocr_line' id='line_1_21' title="bbox 288 2271 1452 2364; baseline -0.001 -25"><span class='ocrx_word' id='word_1_163' title='bbox 288 2273 420 2340; x_wconf 77' lang='lat' dir='ltr'><strong>meditatu</strong></span> <span class='ocrx_word' id='word_1_164' title='bbox 440 2273 562 2338; x_wconf 81' lang='lat' dir='ltr'><strong>alterna</strong></span> <span class='ocrx_word' id='word_1_165' title='bbox 594 2274 728 2338; x_wconf 82' lang='lat' dir='ltr'><strong>versrbus</strong></span> <span class='ocrx_word' id='word_1_166' title='bbox 754 2273 868 2338; x_wconf 90' lang='lat' dir='ltr'><strong>lasc1va</strong></span> <span class='ocrx_word' id='word_1_167' title='bbox 888 2271 1029 2358; x_wconf 90' lang='lat' dir='ltr'><strong>quaedam</strong></span> <span class='ocrx_word' id='word_1_168' title='bbox 1057 2277 1144 2358; x_wconf 80' lang='lat' dir='ltr'><strong>atqm</strong></span> <span class='ocrx_word' id='word_1_169' title='bbox 1164 2283 1275 2338; x_wconf 77' lang='lat' dir='ltr'><strong>rustica</strong></span> <span class='ocrx_word' id='word_1_170' title='bbox 1295 2294 1313 2338; x_wconf 95' lang='grc' dir='ltr'><strong><em>ο</em></strong></span> <span class='ocrx_word' id='word_1_171' title='bbox 1334 2274 1452 2364; x_wconf 83' lang='lat' dir='ltr'><strong>prubna</strong></span> 
     </span>
     <span class='ocr_line' id='line_1_22' title="bbox 288 2294 1452 2459; baseline -0.002 -33"><span class='ocrx_word' id='word_1_172' title='bbox 288 2359 321 2426; x_wconf 89' lang='lat' dir='ltr'><strong>in</strong></span> <span class='ocrx_word' id='word_1_173' title='bbox 342 2379 376 2422; x_wconf 89' lang='lat' dir='ltr'><strong>se</strong></span> <span class='ocrx_word' id='word_1_174' title='bbox 397 2358 598 2422; x_wconf 83' lang='lat' dir='ltr'><strong>coniecerunt:</strong></span> <span class='ocrx_word' id='word_1_175' title='bbox 641 2378 715 2422; x_wconf 85' lang='lat' dir='ltr'><strong>saue</strong></span> <span class='ocrx_word' id='word_1_176' title='bbox 736 2365 832 2421; x_wconf 86' lang='lat' dir='ltr'><strong>autem</strong></span> <span class='ocrx_word' id='word_1_177' title='bbox 860 2377 982 2439; x_wconf 85' lang='lat' dir='ltr'><strong>seruos,</strong></span> <span class='ocrx_word' id='word_1_178' title='bbox 1008 2375 1129 2442; x_wconf 91' lang='lat' dir='ltr'><strong>quornm</strong></span> <span class='ocrx_word' id='word_1_179' title='bbox 1149 2355 1273 2459; x_wconf 87' lang='lat' dir='ltr'><strong>ingenia</strong></span> <span class='ocrx_word' id='word_1_180' title='bbox 1293 2294 1332 2426; x_wconf 87' lang='lat' dir='ltr'><strong>ad</strong></span> <span class='ocrx_word' id='word_1_181' title='bbox 1351 2379 1452 2448; x_wconf 86' lang='lat' dir='ltr'><strong>proca·</strong></span> 
     </span>
     <span class='ocr_line' id='line_1_23' title="bbox 290 2439 1453 2532; baseline -0.002 -24"><span class='ocrx_word' id='word_1_182' title='bbox 290 2444 407 2508; x_wconf 86' lang='lat' dir='ltr'><strong>citatem</strong></span> <span class='ocrx_word' id='word_1_183' title='bbox 418 2441 680 2527; x_wconf 89' lang='lat' dir='ltr'><strong>scurrilitatemque</strong></span> <span class='ocrx_word' id='word_1_184' title='bbox 692 2449 762 2505; x_wconf 90' lang='lat' dir='ltr'><strong>sunt</strong></span> <span class='ocrx_word' id='word_1_185' title='bbox 781 2461 938 2532; x_wconf 83' lang='lat' dir='ltr'><strong>propensa,</strong></span> <span class='ocrx_word' id='word_1_186' title='bbox 959 2439 1018 2506; x_wconf 88' lang='lat' dir='ltr'><strong>ista</strong></span> <span class='ocrx_word' id='word_1_187' title='bbox 1037 2441 1155 2507; x_wconf 83' lang='lat' dir='ltr'><strong>iucundi</strong></span> <span class='ocrx_word' id='word_1_188' title='bbox 1169 2441 1342 2529; x_wconf 78' lang='lat' dir='ltr'><strong>ndendque</strong></span> <span class='ocrx_word' id='word_1_189' title='bbox 1362 2443 1453 2509; x_wconf 78' lang='lat' dir='ltr'><strong>licem</strong></span> 
     </span>
     <span class='ocr_line' id='line_1_24' title="bbox 289 2523 1452 2614; baseline 0 -22"><span class='ocrx_word' id='word_1_190' title='bbox 289 2527 331 2593; x_wconf 87' lang='lat' dir='ltr'><strong>tia</strong></span> <span class='ocrx_word' id='word_1_191' title='bbox 352 2527 394 2591; x_wconf 92' lang='lat' dir='ltr'><strong>uti</strong></span> <span class='ocrx_word' id='word_1_192' title='bbox 415 2526 507 2592; x_wconf 86' lang='lat' dir='ltr'><strong>decet.</strong></span> <span class='ocrx_word' id='word_1_193' title='bbox 529 2524 618 2590; x_wconf 84' lang='lat' dir='ltr'><strong>Talis</strong></span> <span class='ocrx_word' id='word_1_194' title='bbox 638 2525 704 2590; x_wconf 86' lang='lat' dir='ltr'><strong>sere</strong></span> <span class='ocrx_word' id='word_1_195' title='bbox 724 2524 949 2614; x_wconf 81' lang='lat' dir='ltr'><strong>Megarensium</strong></span> <span class='ocrx_word' id='word_1_196' title='bbox 970 2523 1123 2591; x_wconf 82' lang='lat' dir='ltr'><strong>decantata</strong></span> <span class='ocrx_word' id='word_1_197' title='bbox 1143 2526 1197 2592; x_wconf 89' lang='lat' dir='ltr'><strong>illa</strong></span> <span class='ocrx_word' id='word_1_198' title='bbox 1217 2528 1274 2592; x_wconf 85' lang='lat' dir='ltr'><strong>luit</strong></span> <span class='ocrx_word' id='word_1_199' title='bbox 1294 2527 1452 2610; x_wconf 74' lang='lat' dir='ltr'><strong>comoedia,</strong></span> 
     </span>
    </p>
   </div>
   <div class='ocr_carea' id='block_1_3' title="bbox 290 2607 1527 2714">
    <p class='ocr_par' dir='ltr' id='par_1_6' title="bbox 290 2607 1527 2714">
     <span class='ocr_line' id='line_1_25' title="bbox 290 2607 1527 2714; baseline 0.001 -37"><span class='ocrx_word' id='word_1_200' title='bbox 290 2611 328 2678; x_wconf 92' lang='lat' dir='ltr'><strong>de</strong></span> <span class='ocrx_word' id='word_1_201' title='bbox 349 2631 406 2698; x_wconf 88' lang='lat' dir='ltr'><strong>qua</strong></span> <span class='ocrx_word' id='word_1_202' title='bbox 431 2632 524 2702; x_wconf 85' lang='lat' dir='ltr'><strong>pauca</strong></span> <span class='ocrx_word' id='word_1_203' title='bbox 544 2610 686 2696; x_wconf 89' lang='lat' dir='ltr'><strong>quaedam</strong></span> <span class='ocrx_word' id='word_1_204' title='bbox 714 2610 808 2676; x_wconf 89' lang='lat' dir='ltr'><strong>dicam</strong></span> <span class='ocrx_word' id='word_1_205' title='bbox 835 2611 931 2691; x_wconf 87' lang='lat' dir='ltr'><strong>infra,</strong></span> <span class='ocrx_word' id='word_1_206' title='bbox 957 2609 1008 2674; x_wconf 92' lang='lat' dir='ltr'><strong>ubi</strong></span> <span class='ocrx_word' id='word_1_207' title='bbox 1034 2627 1072 2677; x_wconf 90' lang='lat' dir='ltr'><strong>au</strong></span> <span class='ocrx_word' id='word_1_208' title='bbox 1091 2607 1247 2701; x_wconf 81' lang='lat' dir='ltr'><strong>Eupolidis</strong></span> <span class='ocrx_word' id='word_1_209' title='bbox 1267 2611 1452 2714; x_wconf 72' lang='lat' dir='ltr'><strong>Prospaltius</strong></span> <span class='ocrx_word' id='word_1_210' title='bbox 1526 2609 1527 2619; x_wconf 71' lang='grc'>’</span> 
     </span>
    </p>
   </div>
   <div class='ocr_carea' id='block_1_4' title="bbox 289 2693 1453 2785">
    <p class='ocr_par' dir='ltr' id='par_1_7' title="bbox 289 2693 1453 2785">
     <span class='ocr_line' id='line_1_26' title="bbox 289 2693 1453 2785; baseline -0.001 -22"><span class='ocrx_word' id='word_1_211' title='bbox 289 2695 413 2763; x_wconf 88' lang='lat' dir='ltr'><strong>deducta</strong></span> <span class='ocrx_word' id='word_1_212' title='bbox 433 2696 491 2760; x_wconf 89' lang='lat' dir='ltr'><strong>erit</strong></span> <span class='ocrx_word' id='word_1_213' title='bbox 508 2695 612 2761; x_wconf 88' lang='lat' dir='ltr'><strong>oratio.</strong></span> <span class='ocrx_word' id='word_1_214' title='bbox 653 2693 704 2760; x_wconf 86' lang='lat' dir='ltr'><strong>Ex</strong></span> <span class='ocrx_word' id='word_1_215' title='bbox 724 2696 780 2760; x_wconf 92' lang='lat' dir='ltr'><strong>bac</strong></span> <span class='ocrx_word' id='word_1_216' title='bbox 800 2695 867 2785; x_wconf 84' lang='lat' dir='ltr'><strong>ipsa</strong></span> <span class='ocrx_word' id='word_1_217' title='bbox 886 2693 1044 2760; x_wconf 85' lang='lat' dir='ltr'><strong>vernacula</strong></span> <span class='ocrx_word' id='word_1_218' title='bbox 1072 2695 1231 2762; x_wconf 81' lang='lat' dir='ltr'><strong>rellicundi</strong></span> <span class='ocrx_word' id='word_1_219' title='bbox 1252 2697 1453 2764; x_wconf 82' lang='lat' dir='ltr'><strong>vicissrtudine</strong></span> 
     </span>
    </p>
   </div>
   <div class='ocr_carea' id='block_1_5' title="bbox 288 2777 1525 2882">
    <p class='ocr_par' dir='ltr' id='par_1_8' title="bbox 288 2777 1525 2882">
     <span class='ocr_line' id='line_1_27' title="bbox 288 2777 1525 2882; baseline 0 -33"><span class='ocrx_word' id='word_1_220' title='bbox 288 2781 390 2849; x_wconf 80' lang='lat' dir='ltr'><strong>Attica</strong></span> <span class='ocrx_word' id='word_1_221' title='bbox 416 2801 529 2880; x_wconf 85' lang='lat' dir='ltr'><strong>quoque</strong></span> <span class='ocrx_word' id='word_1_222' title='bbox 560 2778 710 2845; x_wconf 82' lang='lat' dir='ltr'><strong>comoedia</strong></span> <span class='ocrx_word' id='word_1_223' title='bbox 738 2781 919 2846; x_wconf 85' lang='lat' dir='ltr'><strong>incrementa</strong></span> <span class='ocrx_word' id='word_1_224' title='bbox 951 2779 1046 2868; x_wconf 81' lang='lat' dir='ltr'><strong>cepit,</strong></span> <span class='ocrx_word' id='word_1_225' title='bbox 1078 2779 1342 2882; x_wconf 36' lang='lat' dir='ltr'><strong>videorque-mibi</strong></span> <span class='ocrx_word' id='word_1_226' title='bbox 1366 2783 1452 2848; x_wconf 87' lang='lat' dir='ltr'><strong>istius</strong></span> <span class='ocrx_word' id='word_1_227' title='bbox 1524 2777 1525 2790; x_wconf 47' lang='lat'>¹</span> 
     </span>
    </p>
   </div>
   <div class='ocr_carea' id='block_1_6' title="bbox 288 2864 1451 3269">
    <p class='ocr_par' dir='ltr' id='par_1_9' title="bbox 288 2864 1451 3269">
     <span class='ocr_line' id='line_1_28' title="bbox 289 2864 1450 2956; baseline 0.001 -24"><span class='ocrx_word' id='word_1_228' title='bbox 289 2866 508 2932; x_wconf 85' lang='lat' dir='ltr'><strong>consuetudinrs</strong></span> <span class='ocrx_word' id='word_1_229' title='bbox 534 2865 663 2952; x_wconf 86' lang='lat' dir='ltr'><strong>vestigia</strong></span> <span class='ocrx_word' id='word_1_230' title='bbox 690 2865 831 2950; x_wconf 81' lang='lat' dir='ltr'><strong>quaedam</strong></span> <span class='ocrx_word' id='word_1_231' title='bbox 859 2886 919 2930; x_wconf 91' lang='lat' dir='ltr'><strong>nou</strong></span> <span class='ocrx_word' id='word_1_232' title='bbox 946 2885 1019 2929; x_wconf 90' lang='lat' dir='ltr'><strong>saue</strong></span> <span class='ocrx_word' id='word_1_233' title='bbox 1045 2864 1170 2930; x_wconf 89' lang='lat' dir='ltr'><strong>obscura</strong></span> <span class='ocrx_word' id='word_1_234' title='bbox 1190 2889 1223 2930; x_wconf 87' lang='grc' dir='ltr'><strong>ιο</strong></span> <span class='ocrx_word' id='word_1_235' title='bbox 1248 2867 1323 2956; x_wconf 80' lang='lat' dir='ltr'><strong>spuis</strong></span> <span class='ocrx_word' id='word_1_236' title='bbox 1342 2867 1450 2934; x_wconf 85' lang='lat' dir='ltr'><strong>fabulis</strong></span> 
     </span>
     <span class='ocr_line' id='line_1_29' title="bbox 289 2949 1450 3052; baseline 0 -35"><span class='ocrx_word' id='word_1_237' title='bbox 289 2949 454 3017; x_wconf 77' lang='lat' dir='ltr'><strong>Atticorum</strong></span> <span class='ocrx_word' id='word_1_238' title='bbox 485 2957 636 3039; x_wconf 87' lang='lat' dir='ltr'><strong>poetarum</strong></span> <span class='ocrx_word' id='word_1_239' title='bbox 672 2949 832 3016; x_wconf 87' lang='lat' dir='ltr'><strong>detexisse.</strong></span> <span class='ocrx_word' id='word_1_240' title='bbox 873 2949 1024 3036; x_wconf 80' lang='lat' dir='ltr'><strong>Aequales</strong></span> <span class='ocrx_word' id='word_1_241' title='bbox 1056 2950 1133 3016; x_wconf 90' lang='lat' dir='ltr'><strong>enim</strong></span> <span class='ocrx_word' id='word_1_242' title='bbox 1161 2950 1286 3018; x_wconf 88' lang='lat' dir='ltr'><strong>comicus</strong></span> <span class='ocrx_word' id='word_1_243' title='bbox 1313 2952 1389 3052; x_wconf 90' lang='lat' dir='ltr'><strong>quod</strong></span> <span class='ocrx_word' id='word_1_244' title='bbox 1419 2953 1450 3018; x_wconf 88' lang='lat' dir='ltr'><strong>in</strong></span> 
     </span>
     <span class='ocr_line' id='line_1_30' title="bbox 289 3033 1451 3124; baseline 0.002 -24"><span class='ocrx_word' id='word_1_245' title='bbox 289 3035 413 3101; x_wconf 84' lang='lat' dir='ltr'><strong>exordio</strong></span> <span class='ocrx_word' id='word_1_246' title='bbox 439 3033 605 3099; x_wconf 79' lang='lat' dir='ltr'><strong>fabularum</strong></span> <span class='ocrx_word' id='word_1_247' title='bbox 631 3055 735 3099; x_wconf 87' lang='lat' dir='ltr'><strong>servos</strong></span> <span class='ocrx_word' id='word_1_248' title='bbox 761 3035 880 3100; x_wconf 87' lang='lat' dir='ltr'><strong>inficeta</strong></span> <span class='ocrx_word' id='word_1_249' title='bbox 904 3033 995 3099; x_wconf 88' lang='lat' dir='ltr'><strong>multa</strong></span> <span class='ocrx_word' id='word_1_250' title='bbox 1020 3055 1077 3098; x_wconf 89' lang='lat' dir='ltr'><strong>nec</strong></span> <span class='ocrx_word' id='word_1_251' title='bbox 1103 3035 1176 3100; x_wconf 88' lang='lat' dir='ltr'><strong>satis</strong></span> <span class='ocrx_word' id='word_1_252' title='bbox 1203 3035 1297 3124; x_wconf 82' lang='lat' dir='ltr'><strong>digua</strong></span> <span class='ocrx_word' id='word_1_253' title='bbox 1322 3043 1451 3102; x_wconf 82' lang='lat' dir='ltr'><strong>uocantes</strong></span> 
     </span>
     <span class='ocr_line' id='line_1_31' title="bbox 288 3119 1451 3269; baseline 0.002 -83"><span class='ocrx_word' id='word_1_254' title='bbox 288 3121 438 3202; x_wconf 85' lang='lat' dir='ltr'><strong>inducant,</strong></span> <span class='ocrx_word' id='word_1_255' title='bbox 459 3119 678 3269; x_wconf 81' lang='lat' dir='ltr'><strong>Aristoqbanes</strong></span> <span class='ocrx_word' id='word_1_256' title='bbox 699 3119 817 3209; x_wconf 87' lang='lat' dir='ltr'><strong>saepius</strong></span> <span class='ocrx_word' id='word_1_257' title='bbox 839 3119 972 3206; x_wconf 63' lang='lat' dir='ltr'><strong>gravier</strong></span> <span class='ocrx_word' id='word_1_258' title='bbox 990 3119 1190 3207; x_wconf 85' lang='lat' dir='ltr'><strong>reprehendit,</strong></span> <span class='ocrx_word' id='word_1_259' title='bbox 1211 3129 1244 3185; x_wconf 91' lang='lat' dir='ltr'><strong>ut</strong></span> <span class='ocrx_word' id='word_1_260' title='bbox 1263 3121 1451 3188; x_wconf 87' lang='lat' dir='ltr'><strong>inParabasi</strong></span> 
     </span>
    </p>
   </div>
   <div class='ocr_carea' id='block_1_7' title="bbox 78 3203 1450 3292">
    <p class='ocr_par' dir='ltr' id='par_1_10' title="bbox 78 3203 1450 3292">
     <span class='ocr_line' id='line_1_32' title="bbox 78 3203 1450 3292; baseline 0.004 -25"><span class='ocrx_word' id='word_1_261' title='bbox 78 3243 82 3254; x_wconf 91' lang='lat'>·</span> <span class='ocrx_word' id='word_1_262' title='bbox 131 3225 167 3254; x_wconf 45' lang='lat' dir='ltr'>w</span> <span class='ocrx_word' id='word_1_263' title='bbox 288 3204 378 3270; x_wconf 89' lang='lat' dir='ltr'><strong>Pacis</strong></span> <span class='ocrx_word' id='word_1_264' title='bbox 404 3225 434 3268; x_wconf 86' lang='grc' dir='ltr'><strong><em>ν.</em></strong></span> <span class='ocrx_word' id='word_1_265' title='bbox 455 3203 519 3269; x_wconf 73' lang='grc'><strong>740</strong></span> <span class='ocrx_word' id='word_1_266' title='bbox 546 3205 708 3291; x_wconf 89' lang='lat' dir='ltr'><strong>guriatur,</strong></span> <span class='ocrx_word' id='word_1_267' title='bbox 750 3204 827 3290; x_wconf 90' lang='lat' dir='ltr'><strong>quud</strong></span> <span class='ocrx_word' id='word_1_268' title='bbox 858 3204 923 3292; x_wconf 87' lang='lat' dir='ltr'><strong>ipse</strong></span> <span class='ocrx_word' id='word_1_269' title='bbox 950 3209 1041 3268; x_wconf 88' lang='lat' dir='ltr'><strong>artem</strong></span> <span class='ocrx_word' id='word_1_270' title='bbox 1072 3203 1212 3270; x_wconf 89' lang='lat' dir='ltr'><strong>musicam</strong></span> <span class='ocrx_word' id='word_1_271' title='bbox 1244 3205 1282 3272; x_wconf 90' lang='lat' dir='ltr'><strong>ad</strong></span> <span class='ocrx_word' id='word_1_272' title='bbox 1310 3227 1450 3272; x_wconf 86' lang='lat' dir='ltr'><strong>summum</strong></span> 
     </span>
    </p>
   </div>
   <div class='ocr_carea' id='block_1_8' title="bbox 288 3287 1452 3610">
    <p class='ocr_par' dir='ltr' id='par_1_11' title="bbox 288 3287 1452 3610">
     <span class='ocr_line' id='line_1_33' title="bbox 288 3287 1450 3379; baseline 0 -23"><span class='ocrx_word' id='word_1_273' title='bbox 288 3289 441 3378; x_wconf 78' lang='lat' dir='ltr'><strong>fastigium</strong></span> <span class='ocrx_word' id='word_1_274' title='bbox 463 3289 597 3354; x_wconf 86' lang='lat' dir='ltr'><strong>evexerit</strong></span> <span class='ocrx_word' id='word_1_275' title='bbox 623 3295 654 3354; x_wconf 88' lang='lat' dir='ltr'><strong>et</strong></span> <span class='ocrx_word' id='word_1_276' title='bbox 673 3309 727 3354; x_wconf 87' lang='lat' dir='ltr'><strong>suo</strong></span> <span class='ocrx_word' id='word_1_277' title='bbox 749 3289 884 3378; x_wconf 85' lang='lat' dir='ltr'><strong>exemplo</strong></span> <span class='ocrx_word' id='word_1_278' title='bbox 906 3294 991 3376; x_wconf 87' lang='lat' dir='ltr'><strong>atqua</strong></span> <span class='ocrx_word' id='word_1_279' title='bbox 1017 3287 1105 3354; x_wconf 83' lang='lat' dir='ltr'><strong>aliana</strong></span> <span class='ocrx_word' id='word_1_280' title='bbox 1131 3309 1237 3354; x_wconf 85' lang='lat' dir='ltr'><strong>severa</strong></span> <span class='ocrx_word' id='word_1_281' title='bbox 1257 3292 1450 3379; x_wconf 85' lang='lat' dir='ltr'><strong>castigatione</strong></span> 
     </span>
     <span class='ocr_line' id='line_1_34' title="bbox 292 3372 1452 3463; baseline 0.002 -25"><span class='ocrx_word' id='word_1_282' title='bbox 292 3373 422 3440; x_wconf 88' lang='lat' dir='ltr'><strong>aemulos</strong></span> <span class='ocrx_word' id='word_1_283' title='bbox 443 3394 555 3460; x_wconf 91' lang='lat' dir='ltr'><strong>quoque</strong></span> <span class='ocrx_word' id='word_1_284' title='bbox 578 3374 725 3455; x_wconf 85' lang='lat' dir='ltr'><strong>docuerit,</strong></span> <span class='ocrx_word' id='word_1_285' title='bbox 768 3394 824 3460; x_wconf 91' lang='lat' dir='ltr'><strong>quo</strong></span> <span class='ocrx_word' id='word_1_286' title='bbox 853 3379 937 3462; x_wconf 87' lang='lat' dir='ltr'><strong>pacto</strong></span> <span class='ocrx_word' id='word_1_287' title='bbox 963 3393 1013 3438; x_wconf 89' lang='lat' dir='ltr'><strong>ars</strong></span> <span class='ocrx_word' id='word_1_288' title='bbox 1040 3372 1099 3437; x_wconf 89' lang='lat' dir='ltr'><strong>ista</strong></span> <span class='ocrx_word' id='word_1_289' title='bbox 1125 3374 1166 3438; x_wconf 89' lang='lat' dir='ltr'><strong>sit</strong></span> <span class='ocrx_word' id='word_1_290' title='bbox 1194 3373 1398 3463; x_wconf 83' lang='lat' dir='ltr'><strong>amplificanda</strong></span> <span class='ocrx_word' id='word_1_291' title='bbox 1423 3384 1452 3440; x_wconf 91' lang='lat' dir='ltr'><strong>et</strong></span> 
     </span>
     <span class='ocr_line' id='line_1_35' title="bbox 290 3456 1451 3610; baseline 0.003 -88"><span class='ocrx_word' id='word_1_292' title='bbox 290 3459 438 3610; x_wconf 60' lang='lat' dir='ltr'><strong>ggqiatqqla,</strong></span> <span class='ocrx_word' id='word_1_293' title='bbox 480 3459 530 3545; x_wconf 91' lang='lat' dir='ltr'><strong>qui</strong></span> <span class='ocrx_word' id='word_1_294' title='bbox 557 3459 672 3546; x_wconf 92' lang='lat' dir='ltr'><strong>quidem</strong></span> <span class='ocrx_word' id='word_1_295' title='bbox 699 3463 786 3524; x_wconf 82' lang='lat' dir='ltr'><strong>antea</strong></span> <span class='ocrx_word' id='word_1_296' title='bbox 813 3479 920 3524; x_wconf 86' lang='lat' dir='ltr'><strong>vernas</strong></span> <span class='ocrx_word' id='word_1_297' title='bbox 950 3456 1091 3524; x_wconf 86' lang='lat' dir='ltr'><strong>scurriles</strong></span> <span class='ocrx_word' id='word_1_298' title='bbox 1121 3457 1262 3526; x_wconf 85' lang='lat' dir='ltr'><strong>inducere</strong></span> <span class='ocrx_word' id='word_1_299' title='bbox 1287 3460 1367 3526; x_wconf 92' lang='lat' dir='ltr'><strong>baud</strong></span> <span class='ocrx_word' id='word_1_300' title='bbox 1393 3461 1451 3528; x_wconf 89' lang='lat' dir='ltr'><strong>sint</strong></span> 
     </span>
    </p>
   </div>
   <div class='ocr_carea' id='block_1_9' title="bbox 370 3620 1515 3882">
    <p class='ocr_par' dir='ltr' id='par_1_12' title="bbox 370 3620 1515 3882">
     <span class='ocr_line' id='line_1_36' title="bbox 374 3620 1515 3724; baseline 0 -32"><span class='ocrx_word' id='word_1_301' title='bbox 374 3630 510 3712; x_wconf 86' lang='grc' dir='ltr'><strong><em>Πρῶτον</em></strong></span> <span class='ocrx_word' id='word_1_302' title='bbox 528 3626 584 3707; x_wconf 83' lang='grc' dir='ltr'><strong><em>μέν</em></strong></span> <span class='ocrx_word' id='word_1_303' title='bbox 593 3625 652 3712; x_wconf 74' lang='grc' dir='ltr'><strong>ρδρ</strong></span> <span class='ocrx_word' id='word_1_304' title='bbox 664 3624 737 3703; x_wconf 78' lang='grc' dir='ltr'><strong><em>τοὺς</em></strong></span> <span class='ocrx_word' id='word_1_305' title='bbox 757 3620 941 3702; x_wconf 71' lang='grc' dir='ltr'><strong>ἀντιπάλους</strong></span> <span class='ocrx_word' id='word_1_306' title='bbox 960 3621 1055 3708; x_wconf 80' lang='grc' dir='ltr'><strong><em>μόνος</em></strong></span> <span class='ocrx_word' id='word_1_307' title='bbox 1075 3622 1250 3712; x_wconf 73' lang='grc' dir='ltr'><strong><em>ἀνθρώπων</em></strong></span> <span class='ocrx_word' id='word_1_308' title='bbox 1265 3629 1451 3695; x_wconf 83' lang='grc' dir='ltr'><strong><em>κατέπαυσεν</em></strong></span> <span class='ocrx_word' id='word_1_309' title='bbox 1513 3649 1515 3724; x_wconf 45' lang='lat'><strong>,¹</strong></span> 
     </span>
     <span class='ocr_line' id='line_1_37' title="bbox 370 3708 1514 3798; baseline 0.003 -21"><span class='ocrx_word' id='word_1_310' title='bbox 370 3711 423 3789; x_wconf 80' lang='grc' dir='ltr'><strong><em>Ἐς</em></strong></span> <span class='ocrx_word' id='word_1_311' title='bbox 442 3712 482 3776; x_wconf 80' lang='lat' dir='ltr'><strong>ad</strong></span> <span class='ocrx_word' id='word_1_312' title='bbox 508 3709 600 3798; x_wconf 80' lang='grc' dir='ltr'><strong>ῥάκια</strong></span> <span class='ocrx_word' id='word_1_313' title='bbox 621 3708 816 3788; x_wconf 81' lang='grc' dir='ltr'><strong><em>σκώπτοντας</em></strong></span> <span class='ocrx_word' id='word_1_314' title='bbox 837 3709 882 3776; x_wconf 74' lang='grc' dir='ltr'><strong>ἀεὶ</strong></span> <span class='ocrx_word' id='word_1_315' title='bbox 903 3713 954 3776; x_wconf 75' lang='grc' dir='ltr'><strong>καὶ</strong></span> <span class='ocrx_word' id='word_1_316' title='bbox 984 3721 1049 3788; x_wconf 82' lang='grc' dir='ltr'><strong><em>τοῖς</em></strong></span> <span class='ocrx_word' id='word_1_317' title='bbox 1070 3714 1214 3798; x_wconf 67' lang='grc' dir='ltr'><strong><em>φθειρσὶν</em></strong></span> <span class='ocrx_word' id='word_1_318' title='bbox 1234 3719 1449 3797; x_wconf 73' lang='grc' dir='ltr'><strong>πολεμοῦντας,</strong></span> <span class='ocrx_word' id='word_1_319' title='bbox 1513 3725 1514 3740; x_wconf 70' lang='grc'>’</span> 
     </span>
     <span class='ocr_line' id='line_1_38' title="bbox 376 3793 1513 3882; baseline 0.001 -20"><span class='ocrx_word' id='word_1_320' title='bbox 376 3793 461 3873; x_wconf 64' lang='lat' dir='ltr'><strong>Tude</strong></span> <span class='ocrx_word' id='word_1_321' title='bbox 471 3795 508 3861; x_wconf 70' lang='grc' dir='ltr'><strong>θ’</strong></span> <span class='ocrx_word' id='word_1_322' title='bbox 519 3793 706 3882; x_wconf 73' lang='grc' dir='ltr'><strong><em>Ἡρακλέους</em></strong></span> <span class='ocrx_word' id='word_1_323' title='bbox 716 3795 789 3873; x_wconf 82' lang='grc' dir='ltr'><strong><em>τοδς</em></strong></span> <span class='ocrx_word' id='word_1_324' title='bbox 801 3795 973 3878; x_wconf 77' lang='grc' dir='ltr'><strong><em>μάττοντας</em></strong></span> <span class='ocrx_word' id='word_1_325' title='bbox 989 3799 1040 3862; x_wconf 82' lang='grc' dir='ltr'><strong>καλ</strong></span> <span class='ocrx_word' id='word_1_326' title='bbox 1057 3795 1130 3873; x_wconf 83' lang='grc' dir='ltr'><strong><em>τοδς</em></strong></span> <span class='ocrx_word' id='word_1_327' title='bbox 1145 3801 1309 3874; x_wconf 81' lang='grc' dir='ltr'><strong><em>πεινῶντας</em></strong></span> <span class='ocrx_word' id='word_1_328' title='bbox 1321 3799 1450 3876; x_wconf 78' lang='grc' dir='ltr'><strong><em>έκώνους</em></strong></span> <span class='ocrx_word' id='word_1_329' title='bbox 1512 3821 1513 3827; x_wconf 70' lang='grc'>’</span> 
     </span>
    </p>
   </div>
   <div class='ocr_carea' id='block_1_10' title="bbox 370 3879 1381 4135">
    <p class='ocr_par' dir='ltr' id='par_1_13' title="bbox 370 3879 1381 4135">
     <span class='ocr_line' id='line_1_39' title="bbox 376 3879 1370 3990; baseline 0.001 -44"><span class='ocrx_word' id='word_1_330' title='bbox 376 3881 461 3958; x_wconf 65' lang='lat' dir='ltr'><strong>Tude</strong></span> <span class='ocrx_word' id='word_1_331' title='bbox 482 3879 649 3990; x_wconf 70' lang='lat' dir='ltr'><strong>qqdyonog</strong></span> <span class='ocrx_word' id='word_1_332' title='bbox 675 3879 914 3959; x_wconf 78' lang='grc' dir='ltr'><strong><em>κάξαπατῶντας</em></strong></span> <span class='ocrx_word' id='word_1_333' title='bbox 936 3883 987 3946; x_wconf 71' lang='grc' dir='ltr'><strong>καὶ</strong></span> <span class='ocrx_word' id='word_1_334' title='bbox 1006 3882 1212 3962; x_wconf 75' lang='grc' dir='ltr'><strong><em>τυπτομένους</em></strong></span> <span class='ocrx_word' id='word_1_335' title='bbox 1232 3883 1370 3965; x_wconf 80' lang='grc' dir='ltr'><strong><em>έπέτηδες</em></strong></span> 
     </span>
     <span class='ocr_line' id='line_1_40' title="bbox 370 3964 1381 4054; baseline 0.002 -22"><span class='ocrx_word' id='word_1_336' title='bbox 370 3964 510 4051; x_wconf 76' lang='grc' dir='ltr'><strong><em>Ἐξήλασ</em></strong></span> <span class='ocrx_word' id='word_1_337' title='bbox 545 3964 703 4049; x_wconf 82' lang='grc' dir='ltr'><strong><em>ἀτιμώσας</em></strong></span> <span class='ocrx_word' id='word_1_338' title='bbox 723 3972 857 4054; x_wconf 82' lang='grc' dir='ltr'><strong><em>πρῶτος,</em></strong></span> <span class='ocrx_word' id='word_1_339' title='bbox 888 3969 940 4031; x_wconf 81' lang='grc' dir='ltr'><strong>καλ</strong></span> <span class='ocrx_word' id='word_1_340' title='bbox 959 3965 1033 4042; x_wconf 83' lang='grc' dir='ltr'><strong><em>τοδς</em></strong></span> <span class='ocrx_word' id='word_1_341' title='bbox 1053 3965 1183 4045; x_wconf 75' lang='grc' dir='ltr'><strong><em>δούλους</em></strong></span> <span class='ocrx_word' id='word_1_342' title='bbox 1203 3968 1381 4053; x_wconf 80' lang='grc' dir='ltr'><strong><em>παρέλυσεν,</em></strong></span> 
     </span>
     <span class='ocr_line' id='line_1_41' title="bbox 378 4046 1273 4135; baseline -0.002 -17"><span class='ocrx_word' id='word_1_343' title='bbox 378 4049 443 4129; x_wconf 74' lang='grc' dir='ltr'><strong><em>Οὓς</em></strong></span> <span class='ocrx_word' id='word_1_344' title='bbox 463 4053 570 4135; x_wconf 65' lang='grc' dir='ltr'><strong><em>ἐξῆγον</em></strong></span> <span class='ocrx_word' id='word_1_345' title='bbox 590 4050 738 4128; x_wconf 76' lang='grc' dir='ltr'><strong><em>κλάοντας</em></strong></span> <span class='ocrx_word' id='word_1_346' title='bbox 759 4051 804 4117; x_wconf 77' lang='grc' dir='ltr'><strong>ἀεὶ</strong></span> <span class='ocrx_word' id='word_1_347' title='bbox 826 4054 877 4116; x_wconf 81' lang='grc' dir='ltr'><strong>καλ</strong></span> <span class='ocrx_word' id='word_1_348' title='bbox 899 4046 1026 4128; x_wconf 67' lang='grc' dir='ltr'><strong><em>τούτους</em></strong></span> <span class='ocrx_word' id='word_1_349' title='bbox 1048 4048 1156 4117; x_wconf 73' lang='grc' dir='ltr'><strong><em>οὕνεκα</em></strong></span> <span class='ocrx_word' id='word_1_350' title='bbox 1176 4053 1273 4131; x_wconf 82' lang='grc' dir='ltr'><strong><em>τουδέ,</em></strong></span> 
     </span>
    </p>
   </div>
   <div class='ocr_carea' id='block_1_11' title="bbox 321 4132 1509 4224">
    <p class='ocr_par' dir='ltr' id='par_1_14' title="bbox 321 4132 1509 4224">
     <span class='ocr_line' id='line_1_42' title="bbox 321 4132 1509 4224; baseline 0.003 -24"><span class='ocrx_word' id='word_1_351' title='bbox 321 4171 324 4178; x_wconf 93' lang='grc'><strong><em>·</em></strong></span> <span class='ocrx_word' id='word_1_352' title='bbox 367 4133 425 4200; x_wconf 74' lang='lat' dir='ltr'><strong>“Iv&#39;</strong></span> <span class='ocrx_word' id='word_1_353' title='bbox 449 4132 466 4202; x_wconf 84' lang='grc' dir='ltr'><strong><em>ὃ</em></strong></span> <span class='ocrx_word' id='word_1_354' title='bbox 487 4135 654 4214; x_wconf 71' lang='grc' dir='ltr'><strong><em>σύνδουλος</em></strong></span> <span class='ocrx_word' id='word_1_355' title='bbox 673 4134 803 4219; x_wconf 80' lang='grc' dir='ltr'><strong><em>σκώψας</em></strong></span> <span class='ocrx_word' id='word_1_356' title='bbox 824 4136 921 4201; x_wconf 76' lang='grc' dir='ltr'><strong><em>αὐτοῦ</em></strong></span> <span class='ocrx_word' id='word_1_357' title='bbox 942 4136 997 4212; x_wconf 78' lang='grc' dir='ltr'><strong><em>τὰς</em></strong></span> <span class='ocrx_word' id='word_1_358' title='bbox 1017 4133 1153 4222; x_wconf 78' lang='grc' dir='ltr'><strong><em>πληγάς,</em></strong></span> <span class='ocrx_word' id='word_1_359' title='bbox 1175 4134 1232 4203; x_wconf 74' lang='grc' dir='ltr'><strong>εἶτ’</strong></span> <span class='ocrx_word' id='word_1_360' title='bbox 1256 4135 1409 4224; x_wconf 73' lang='grc' dir='ltr'><strong><em>ἀνέροιτο·</em></strong></span> <span class='ocrx_word' id='word_1_361' title='bbox 1508 4139 1509 4171; x_wconf 62' lang='lat'>¹</span> 
     </span>
    </p>
   </div>
   <div class='ocr_carea' id='block_1_12' title="bbox 366 4212 1450 4386">
    <p class='ocr_par' dir='ltr' id='par_1_15' title="bbox 366 4212 1450 4386">
     <span class='ocr_line' id='line_1_43' title="bbox 366 4212 1450 4386; baseline 0.002 -100"><span class='ocrx_word' id='word_1_362' title='bbox 366 4212 409 4286; x_wconf 88' lang='grc' dir='ltr'><em>Ὦ</em></span> <span class='ocrx_word' id='word_1_363' title='bbox 442 4221 650 4304; x_wconf 79' lang='grc' dir='ltr'><strong><em>κακόδαιμον,</em></strong></span> <span class='ocrx_word' id='word_1_364' title='bbox 687 4223 720 4318; x_wconf 67' lang='grc' dir='ltr'><strong>τέ</strong></span> <span class='ocrx_word' id='word_1_365' title='bbox 748 4221 784 4288; x_wconf 84' lang='lat' dir='ltr'><strong>sd</strong></span> <span class='ocrx_word' id='word_1_366' title='bbox 816 4221 906 4306; x_wconf 85' lang='grc' dir='ltr'><strong><em>δέρμ’</em></strong></span> <span class='ocrx_word' id='word_1_367' title='bbox 940 4220 1077 4386; x_wconf 42' lang='lat' dir='ltr'><strong>taque&amp;</strong></span> <span class='ocrx_word' id='word_1_368' title='bbox 1117 4225 1185 4303; x_wconf 83' lang='grc' dir='ltr'><strong><em>μῶν</em></strong></span> <span class='ocrx_word' id='word_1_369' title='bbox 1211 4219 1349 4309; x_wconf 77' lang='grc' dir='ltr'><strong><em>δστριχλς</em></strong></span> <span class='ocrx_word' id='word_1_370' title='bbox 1375 4221 1450 4288; x_wconf 76' lang='grc' dir='ltr'><strong><em>εἷσέ-</em></strong></span> 
     </span>
     <span class='ocr_line' id='line_1_44' title="bbox 1009 4330 1152 4372; baseline 0.007 -3"><span class='ocrx_word' id='word_1_371' title='bbox 1009 4331 1029 4369; x_wconf 88' lang='grc' dir='ltr'><strong><em>α</em></strong></span> <span class='ocrx_word' id='word_1_372' title='bbox 1064 4330 1152 4372; x_wconf 91' lang='grc' dir='ltr'><strong><em>νσοι</em></strong></span> 
     </span>
    </p>
   </div>
   <div class='ocr_carea' id='block_1_13' title="bbox 347 4387 1506 4484">
    <p class='ocr_par' dir='ltr' id='par_1_16' title="bbox 347 4387 1506 4484">
     <span class='ocr_line' id='line_1_45' title="bbox 347 4387 1506 4484; baseline -0.015 -14"><span class='ocrx_word' id='word_1_373' title='bbox 347 4433 350 4440; x_wconf 92' lang='grc'><strong><em>·</em></strong></span> <span class='ocrx_word' id='word_1_374' title='bbox 374 4391 429 4467; x_wconf 68' lang='grc' dir='ltr'><strong>Εἲς</strong></span> <span class='ocrx_word' id='word_1_375' title='bbox 449 4389 505 4467; x_wconf 60' lang='grc' dir='ltr'><strong>τὰς</strong></span> <span class='ocrx_word' id='word_1_376' title='bbox 525 4389 656 4478; x_wconf 61' lang='grc' dir='ltr'><strong><em>πλευρὰς</em></strong></span> <span class='ocrx_word' id='word_1_377' title='bbox 677 4393 775 4479; x_wconf 81' lang='grc' dir='ltr'><strong><em>πολλῇ</em></strong></span> <span class='ocrx_word' id='word_1_378' title='bbox 796 4393 925 4484; x_wconf 70' lang='grc' dir='ltr'><strong><em>στρατιᾷ</em></strong></span> <span class='ocrx_word' id='word_1_379' title='bbox 945 4387 1207 4480; x_wconf 74' lang='grc' dir='ltr'><strong><em>κάδενδροτόμησε</em></strong></span> <span class='ocrx_word' id='word_1_380' title='bbox 1226 4389 1263 4458; x_wconf 77' lang='lat' dir='ltr'><strong>sd</strong></span> <span class='ocrx_word' id='word_1_381' title='bbox 1284 4393 1398 4475; x_wconf 77' lang='grc' dir='ltr'><strong><em>νώτοις</em></strong></span> <span class='ocrx_word' id='word_1_382' title='bbox 1505 4403 1506 4412; x_wconf 68' lang='lat'>‘</span> 
     </span>
    </p>
   </div>
   <div class='ocr_carea' id='block_1_14' title="bbox 0 0 1552 5062">
    <p class='ocr_par' dir='ltr' id='par_1_17' title="bbox 0 0 1552 5062">
     <span class='ocr_line' id='line_1_46' title="bbox 0 0 1552 5062; baseline 0 2"><span class='ocrx_word' id='word_1_383' title='bbox 0 0 1552 5062; x_wconf 95' lang='lat' dir='ltr'><strong> </strong></span> 
     </span>
    </p>
   </div>
  </div>
 </body>
</html>
