3052 5060
249 309 317 385 144
642 309 1048 384 commuruumuus
1122 268 1158 343 4

248 485 290 555 X.
311 487 368 566 50,
389 483 429 552 X
452 481 530 566 1⁵4,
551 484 594 548 ita
614 489 647 548 ut
667 483 755 550 etiam
777 505 814 548 ea
824 481 950 566 ¹'omniu,
981 502 1056 570 quae
1077 481 1143 549 sino
1164 484 1283 551 fabulae
1303 488 1417 555 nomine

271 574 457 652 roleruntur,
490 569 528 634 ad
553 569 609 632 boc
636 569 739 634 drama
764 567 932 634 revocanda
961 568 1136 650 videantur,
1159 570 1220 635 vid.
1241 571 1365 638 Photius
1390 595 1418 662 p.

250 594 363 740 boat.
381 655 552 741 Hesychius
565 675 593 718 v.
611 654 746 729 Βούδισς
757 663 787 717 et
797 652 1186 741 maximeDicaearchusin
1209 655 1269 720 vita
1279 657 1418 722 Graeciae

250 737 908 910 tultftttlttt·abtttdtttt
925 738 1420 909 rdimssllldfbihilbd

250 913 326 996 λέγει
347 912 379 974 ἒν
399 907 426 994 γ’
450 911 708 992 δειπνοσοφιστῶν
729 909 779 971 καὶ
802 909 833 972 ἓν
854 913 898 994 τῷ
919 903 949 990 η’
970 909 1021 972 καὶ
1049 905 1140 993 ἕτερον
1159 909 1257 974 αὐτοῦ
1279 908 1419 994 δράματα

254 990 467 1081 Θνροοκόμος,
488 994 517 1058 id
534 994 613 1057 omni
626 993 840 1082 probabilitatis
852 993 1053 1082 speciecaret:
1075 1014 1183 1058 vereor
1194 995 1273 1060 enim
1292 1018 1331 1061 ne
1350 997 1420 1062 illud

253 1075 456 1166 ’Θορσοκόμος
479 1078 520 1160 (si
541 1099 714 1178 germanum
741 1085 788 1158 est
806 1077 995 1160 vocabulum,
1021 1085 1105 1142 notat
1125 1101 1207 1162 eom,
1235 1080 1317 1146 cuius
1340 1087 1422 1182 caput

251 1169 295 1233 ad
317 1165 444 1255 speciem
465 1163 563 1249 thyrsi
589 1164 700 1228 hedera
727 1169 773 1228 est
799 1165 975 1245 revinctum)
1010 1184 1175 1271 cognomen
1207 1164 1300 1230 fuerit
1331 1167 1420 1254 ipsius

249 1251 393 1339 Lysippi,
414 1247 653 1335 quemadmodum
674 1247 880 1312 Aristomenes
905 1249 1081 1328 Θοροοοιος
1101 1248 1151 1314 vel
1175 1249 1358 1335 Θοροκόπσς
1378 1257 1421 1314 est

250 1339 410 1417 vocitatus,
433 1333 547 1399 Callias
568 1333 726 1413 Σχοινίων,
748 1333 798 1397 alii
817 1333 912 1398 ahter.
955 1332 1081 1397 Tertius
1103 1333 1230 1419 denique
1253 1341 1341 1424 poeta
1359 1357 1423 1399 rur·

252 1445 302 1488 sus
326 1421 363 1485 ad
385 1418 557 1502 antiquiora·
570 1425 701 1506 tempora
722 1418 867 1506 pertinet,
894 1417 957 1482 eius
980 1419 1058 1482 enirn
1085 1418 1205 1484 fabulae
1227 1427 1296 1484 ante
1318 1419 1421 1485 bellum

251 1507 326 1572 Pelo
347 1505 536 1569 onnosiacum
568 1511 637 1566 sunt
668 1503 781 1584 editae,
817 1503 958 1568 archonte
985 1503 1169 1588 Lysimacho
1197 1505 1228 1570 h.
1252 1527 1279 1571 e.
1308 1505 1422 1594 Olymp.

369 1589 423 1658 Vl.
447 1589 465 1652 1
489 1587 562 1669 (nisi
582 1589 659 1652 sorte
680 1587 881 1674 Lysimachus
909 1588 936 1652 is
958 1593 1092 1670 vocatur,
1115 1589 1164 1673 qui
1186 1589 1263 1654 alias
1284 1589 1422 1677 Lysima-

251 1677 352 1742 chides
374 1675 455 1739 audit
476 1674 580 1758 quique
597 1672 713 1761 Olymp.
725 1671 933 1737 Lxxxflm
953 1673 1163 1821 luitpraetor)
1186 1681 1217 1738 et
1237 1674 1412 1762 Morycbidc

251 1769 281 1828 et
300 1769 334 1825 ut
352 1760 469 1824 videtur
490 1757 677 1844 Euthymene
698 1757 747 1828 uel
768 1758 795 1822 si
816 1757 901 1822 malis
914 1755 1016 1845 Apseu
1038 1781 1055 1822 e
1076 1766 1234 1844 praetore,
1255 1769 1335 1825 certe
1356 1779 1423 1846 quo·

250 1848 329 1912 niam
351 1847 383 1910 in
405 1843 488 1908 titulo
509 1843 566 1907 isto
578 1843 689 1931 legitur
703 1845 758 1905 ΥΣ
768 1844 1094 1908 ΚΟΛΕΟΦΟΡΟΙΣ
1102 1865 1211 1908 nomen
1233 1845 1378 1935 praetoris
1392 1846 1423 1909 in

248 1933 310 2024 ὀἷξ
332 1946 441 2012 cadens
467 1945 639 2028 requiritur:
667 1944 813 2034 praetoris
841 1950 938 2008 autem
963 1965 1073 2010 nomen
1098 1965 1160 2010 non
1185 1945 1229 2010 ita
1250 1947 1340 2012 multo
1360 1953 1423 2036 post
1504 1959 1505 1976 ¹

248 2031 456 2119 Mosychidem
487 2031 661 2114 requiritur,
693 2030 736 2094 ita
767 2037 800 2093 ut
825 2047 948 2116 prorsus
982 2030 1109 2094 arbitrer
1144 2029 1219 2112 (ἐπ’
1250 2030 1423 2112 Εὐθυμί-

183 2141 186 2148 ·
250 2122 360 2200 volve
374 2111 582 2198 Κολεσφόροις
603 2115 789 2178 scribendum
804 2135 886 2178 esse:
907 2115 998 2178 luerit
1018 2115 1111 2214 igitur
1132 2115 1222 2180 etiam
1236 2117 1310 2182 baec
1326 2116 1423 2182 sabula
1504 2139 1505 2144 ¹

152 2220 154 2224 ’
251 2203 337 2269 docta
352 2221 387 2264 eo
409 2207 539 2348 tempore
546 2248 564 2297 ,Ι
577 2219 632 2297 quo
655 2199 828 2263 arctioribus
840 2199 973 2262 terminis
988 2209 1108 2283 antrqua
1126 2203 1280 2267 comoedia
1292 2202 1349 2266 luit
1369 2203 1422 2266 cir-

252 2292 410 2373 cumsepta.
452 2283 649 2370 lludugrtur
678 2284 767 2348 facile
789 2283 911 2368 quilibet
930 2283 1073 2370 intelligit
1093 2291 1244 2351 auctorem
1258 2287 1345 2374 legis
1365 2307 1422 2350 non
1504 2273 1505 2294 ³

249 2373 280 2438 id
303 2371 480 2458 egisse,ut
501 2367 667 2432 comoediae
693 2389 816 2456 prorsus
836 2367 936 2432 nullae
958 2367 1150 2451 docerentur,
1176 2391 1274 2456 neque
1295 2373 1374 2436 enim
1393 2370 1422 2436 id
1504 2375 1505 2422 l

250 2477 342 2542 aequo
365 2455 461 2519 animo
479 2451 616 2516 tulissent
630 2451 842 2534 Athenienses,
864 2453 1020 2541 praecipue
1042 2475 1106 2518 oum
1128 2457 1304 2522 coniunctae
1326 2463 1423 2522 essent
1498 2489 1499 2494 κ

249 2543 325 2608 istae
347 2538 466 2604 labulae
486 2560 550 2602 cum
572 2538 665 2602 sacris
686 2536 798 2602 Bacchi
819 2537 1073 2621 solemnitatibus,
1095 2539 1149 2604 sed
1170 2547 1202 2604 ut
1224 2543 1314 2607 nimis
1336 2541 1422 2607 effre·
1504 2537 1505 2550 ¹

249 2635 320 2692 nata
334 2624 459 2690 ‘licentia
480 2623 654 2688 comicorum
674 2630 825 2712 poetarum
847 2631 1042 2688 coerceretur.
1246 2635 1248 2642 ’

338 2709 396 2774 llla
435 2717 531 2772 autem
567 2707 632 2790 len,
681 2728 755 2792 quae
788 2708 850 2772 lata
887 2715 950 2772 est·
966 2707 1145 2795 Morychide
1177 2718 1339 2798 praetore,
1386 2709 1421 2774 ad

249 2795 444 2863 maledicendi
483 2793 630 2857 licentiam
666 2794 869 2876 minuendam,
918 2793 1102 2882 potissimum
1136 2803 1241 2862 contra
1270 2795 1422 2863 Cratinum

247 2883 366 2948 uidetur
386 2879 537 2969 proposita
557 2879 667 2942 suisse:
702 2879 839 2964 aequales
869 2879 947 2943 enim
976 2886 1080 2968 poetae
1107 2900 1210 2944 omnes
1233 2881 1373 2946 videntur
1392 2881 1423 2943 in

249 2965 457 3054 componendis
479 2962 588 3027 fabulis
609 2964 758 3048 antiquum
784 2985 895 3028 morem
923 2965 1016 3028 secuti
1043 2985 1128 3046 esse,
1156 2965 1197 3028 ita
1226 2973 1259 3028 ut
1282 2965 1423 3030 iocularia

248 3059 360 3116 tantum
382 3058 412 3114 et
432 3048 573 3128 ridicula,
604 3049 673 3112 licet
701 3049 814 3135 frigida
842 3055 872 3112 et
899 3071 989 3138 saepe
1015 3049 1116 3136 lepore
1136 3064 1262 3134 prorsus
1286 3051 1423 3116 destituta

233 3139 279 3201 'in
302 3135 428 3198 medium
450 3132 632 3220 proferrent:
654 3133 686 3195 in
708 3133 762 3196 bos
784 3133 877 3220 igitur
897 3154 958 3197 non
979 3135 1102 3198 cadebat
1115 3134 1190 3199 illud
1201 3136 1421 3224 populiscitum:

249 3221 302 3286 sed
325 3217 466 3284 Cratinus
489 3217 598 3306 primus
621 3217 711 3281 multa
731 3219 851 3281 novavit
872 3218 1016 3303 altiusque
1038 3219 1144 3283 extulit
1164 3221 1337 3286 comoediae
1357 3239 1431 3322 pro.

247 3304 385 3395 positum,
406 3303 450 3366 ita
470 3311 502 3374 ut
514 3324 625 3366 summa
641 3301 788 3390 gravitate
798 3311 828 3366 et
838 3305 997 3368 severitate
1009 3325 1080 3369 usus
1102 3306 1422 3390 quaecumquerihosa

248 3397 280 3455 et
299 3387 392 3453 noxia
419 3387 675 3451 animadvertisset
704 3387 735 3450 in
762 3387 851 3452 rebus
877 3389 926 3454 vel
953 3389 1076 3476 publicis
1097 3389 1147 3454 vel
1169 3389 1360 3473 domesticis,
1389 3409 1423 3453 ea

176 3473 178 3484 ’
247 3481 366 3540 notaret
386 3479 417 3537 et
435 3472 666 3560 perstringeret:
697 3471 728 3536 id
748 3493 820 3536 vero
842 3495 906 3538 cum
948 3475 1075 3576 rincipes
1097 3475 1223 3540 ciuitatis
1247 3497 1343 3564 aegre
1363 3475 1422 3540 fer·

246 3567 332 3642 rent,
360 3557 498 3624 videntur
523 3553 592 3645 lege
620 3557 755 3638 cavisse,
782 3579 821 3622 ne
848 3559 907 3622 ista
927 3495 1052 3624 iieentra
1079 3559 1167 3624 latius
1194 3568 1342 3649 serperet.
1384 3557 1423 3624 Et

242 3645 390 3720 Cratinus
419 3642 534 3730 quidem
566 3663 630 3706 cum
656 3663 717 3706 non
743 3650 844 3731 posset
871 3644 964 3709 libere
990 3665 1074 3730 quem
1096 3645 1186 3710 vellet
1211 3665 1346 3728 vexans,
1371 3643 1421 3708 illo

246 3733 312 3820 ipso
340 3746 485 3818 tempore,
548 3749 584 3792 uo
613 3728 779 3792 comoediae
811 3728 930 3793 licentia
955 3731 1129 3796 arctioribus
1158 3731 1358 3820 circumsepta
1378 3733 1423 3794 est

247 3816 399 3896 terminis,
425 3815 502 3878 hane
527 3749 657 3878 iabulam
684 3833 769 3899 qnam
787 3809 943 3888 Ὀϋοοσεῒς
971 3815 1136 3904 inscripsit,
1165 3815 1284 3880 videtur
1306 3833 1422 3915 compo·

247 3903 361 3968 suisse:
382 3899 414 3964 id
434 3898 494 3963 nisi
514 3898 621 3962 luisset
641 3898 878 3987 impedimentum
900 3900 1060 3982 obiectum,
1083 3899 1242 3982 Cratinus,
1267 3901 1353 3964 cuius
1375 3920 1421 3964 rn-

125 4055 128 4064 ,
288 3987 367 4050 nium
386 3983 549 4048 'vehemens
576 3983 629 4048 sed
652 4005 830 4074 generosum
851 3992 881 4048 et
901 3985 1019 4050 omnino
1044 3985 1213 4136 Aesohpleo
1235 3985 1418 4050 simillimum

245 4007 319 4153 ide,
361 4069 415 4136 vix
445 4069 671 4158 compescuisset
706 4091 819 4134 musam
859 4069 1103 4134 effervescentem
1156 4070 1418 4154 nuntiantemque:

245 4157 295 4244 qui
321 4176 378 4243 qno
400 4153 496 4220 animo
523 4153 615 4218 fuerit
640 4153 857 4243 Aristophanes
879 4155 977 4220 aureis
997 4155 1133 4220 versibus
1154 4155 1187 4221 in
1207 4153 1370 4241 Equitibus
1392 4173 1420 4216 r.

246 4243 310 4312 526
330 4241 458 4330 prodidit
478 4239 649 4304 memoriae:
1454 4253 1456 4256 ·

329 4323 407 4390 Εἶτα
430 4328 585 4408 Κρατίνου
605 4323 810 4405 μεμνημένος,
833 4321 866 4397 ὃς
887 4325 991 4407 πολλῷ
1013 4318 1125 4406 ῥεύσας
1147 4322 1212 4390 ποτ’
1235 4319 1355 4409 immitti)

331 4409 397 4480 A'toi
416 4415 479 4474 τῶν
500 4408 622 4495 ἀφελῶν
643 4411 755 4476 πεδίων
774 4408 854 4496 ἔρρει
875 4410 926 4474 aul
952 4413 1007 4491 τῆς
1028 4405 1163 4487 στάσεως
1184 4404 1396 4494 aequantem:
