3000 5048
243 217 313 298 ’411
635 220 1036 294 COMMENTATIONES

250 397 373 463 flaverat
398 392 552 478 Socrates,
584 393 626 458 nti
651 393 716 482 ipse
738 392 814 479 dicit¹
833 393 909 482 apud
935 392 1089 457 Platonem
1109 391 1249 482 Apolog.
1269 413 1298 482 p.
1318 393 1355 458 at
1376 395 1410 460 Ι).

252 490 283 546 et
327 503 382 544 uae
415 482 640 566 subsequuntur.
680 479 743 542 Iam
774 499 846 542 vero
879 479 1046 562 quaeritur,
1082 497 1141 562 quo
1175 485 1309 567 tempore
1333 479 1410 566 Lyco

249 501 412 659 prodiderit
431 565 631 653 Naupactum,
663 561 694 626 id
715 561 791 646 quod
811 561 989 649 Metagenes
1011 568 1110 650 aperte
1133 563 1165 626 ei
1188 563 1307 626 crimini
1328 567 1411 630 vertit.

251 649 468 730 Athenienses,
501 649 551 734 qui
578 648 650 712 duce
677 647 815 712 Talmide
844 647 1027 736 Olympiadis
1054 646 1194 726 LXXXI
1223 669 1302 711 anuo
1330 649 1411 736 primu

250 735 431 822 Naupactum
452 734 616 798 Locrorum
630 731 785 796 Onalomm
807 732 907 794 uuhem
929 739 1179 818 expugnaverant
1201 739 1232 797 et
1252 733 1321 799 illuc
1341 735 1413 800 Mes·

252 820 352 884 senios
373 817 485 882 Ithome
507 841 526 882 a
546 816 792 882 Lacedaemoniis
814 815 953 926 expulsos
975 817 1179 898 deduxerant,
1204 819 1279 900 (vid.
1301 818 1412 886 Diodnr.

252 901 344 968 Sicut.
365 902 419 967 XI.
441 901 498 967 84:
530 898 657 982 Ταύτην
678 901 711 964 dd
731 925 951 986 χειρωσαμενος
972 903 1021 963 καλ
1044 898 1147 976 πάσας
1170 901 1229 978 τάς
1251 905 1284 966 ἐν
1303 910 1338 988 τῇ
1360 909 1413 968 Κε-

253 987 408 1074 φαλληνία
429 984 530 1062 πόλεις
551 981 816 1069 προσαγαγόμενος
837 987 878 1058 είς
888 983 923 1048 τὸ
935 985 1030 1070 πίραν
1042 984 1201 1050 διέπλευσε
1224 989 1276 1050 καὶ
1297 995 1414 1072 κατῆρεν
1444 1005 1448 1051 t

252 1075 294 1147 είς
314 1068 519 1134 Ναύπακτον·
543 1068 654 1151 ὁμοίιος
677 1070 710 1132 dd
730 1073 780 1132 καί
802 1068 917 1152 ταύτην
938 1071 970 1146 ἐξ
991 1068 1106 1156 ἐφόδου
1128 1069 1241 1151 λαβὼν
1263 1071 1414 1158 κατῴκισεν

252 1159 294 1231 εἷς
306 1153 421 1238 ταύτην
433 1158 618 1237 Μεσσηνίων
632 1154 705 1229 τοὺς
723 1151 897 1236 ἐπισήμους,
920 1151 1131 1230 ὑποσπόνδους
1146 1152 1211 1219 ὑπὸ
1222 1159 1414 1233 Λακεδαιμο-

252 1241 323 1304 νίων
335 1239 479 1324 ἀφιέντας.
503 1241 577 1305 adde
590 1239 785 1326 Thucydides
806 1239 830 1304 l.
846 1241 921 1304 103:
943 1237 1009 1303 Καὶ
1032 1237 1145 1320 αὐτοὺς
1158 1241 1323 1323 Ἀθηναῖοι
1338 1239 1413 1317 διξά-

251 1349 336 1404 μενοι
359 1325 428 1390 κατ’
454 1323 546 1406 ἔχθος
567 1322 627 1406 ἤδη
648 1323 953 1403 τόΛακιδαιμονίων
973 1325 1005 1399 ἐς
1025 1321 1222 1390 Ναύπακτον
1243 1323 1411 1410 κατῴκισαν,

252 1407 291 1490 ἣν
312 1407 418 1490 ’ίτυχον
438 1405 584 1493 ἦρῃκάτες
605 1411 710 1473 νεωστί
726 1411 864 1492 Λοκρῶν
884 1413 944 1471 τῶν
952 1408 1085 1486 Ὀζολῶν
1106 1408 1251 1492 ἐχόντων.
1274 1411 1329 1474 huc
1349 1411 1412 1476 adde

251 1493 412 1558 Isocratem
433 1494 465 1556 in
486 1493 708 1558 Panathenaico
729 1491 787 1574 od,
809 1493 989 1557 Pausaniam
1010 1493 1064 1562 IV.
1082 1495 1171 1576 24‚7
1194 1504 1226 1559 et
1238 1495 1290 1558 ΙΧ.
1303 1495 1352 1576 38,
1365 1498 1410 1577 to)

253 1576 454 1642 Athenienses
469 1578 563 1666 igitur
577 1578 654 1642 hello
667 1577 885 1666 Peloponnesio
904 1585 1007 1642 exorto
1029 1599 1068 1642 ex
1089 1579 1146 1644 hac
1168 1581 1244 1644 urhe
1267 1599 1284 1643 ο
1323 1587 1411 1642 outune

254 1662 312 1726 sita
325 1667 355 1725 et
375 1663 458 1726 firme
477 1663 588 1726 munita
607 1663 780 1751 saepissime
793 1663 980 1726 adversarios
995 1671 1191 1745 vexaverunt,
1213 1665 1274 1730 vid.
1319 1663 1410 1749 hucyd.

252 1745 296 1813 Π.
316 1746 368 1810 69.
389 1748 440 1812 90.
462 1747 513 1812 91.
533 1748 586 1814 92.
607 1747 661 1812 111.
685 1749 755 1812 102.
776 1747 845 1814 Vll.
866 1746 909 1812 34
931 1755 961 1812 et
980 1750 1031 1812 36.
1052 1749 1225 1814 Pausanias
1247 1749 1300 1818 IV.
1321 1750 1410 1830 161.

253 1829 295 1894 Et
321 1849 382 1895 non
409 1831 500 1896 semel
532 1831 579 1895 usi
612 1839 681 1896 sunt
706 1831 907 1896 Athenienses
934 1831 1154 1898 Messeniorum
1181 1835 1409 1922 Naupactioorun

254 1915 381 1996 auxilio,
409 1915 469 1981 vid.
491 1915 630 2002 Thucyd.
651 1915 720 1982 VM.
740 1917 796 1981 57:
827 1918 889 1980 Καὶ
913 1917 942 1980 οἳ
962 1913 1135 1998 Μεσσήνιοι
1164 1923 1221 1982 νῦν
1248 1916 1410 1998 καλοάμενοι

254 2001 287 2063 ἓν
306 1996 486 2086 Ναυπάκτῳ
514 2003 564 2064 καί
587 2003 619 2064 ἐκ
639 1997 751 2064 Πάλου
778 1997 845 2064 τότε
867 1997 922 2063 ὑπ’
942 1999 1127 2084 Ἀθηναίων
1156 2003 1302 2085 ἐχομένης
1321 2005 1350 2080 ἐς
1368 2000 1410 2065 τὸν

254 2081 387 2164 πόλεμον
407 2082 663 2170 παρελήφθησαν.
707 2084 818 2153 Verum
848 2107 912 2150 cum
933 2085 1117 2152 Athenarum
1145 2089 1229 2152 vires
1257 2087 1363 2189 proelio
1381 2084 1411 2149 nd

254 2165 359 2255 Aegos
380 2167 490 2232 flumen
511 2171 665 2234 commisso
686 2170 797 2234 fractae
828 2177 943 2252 esseut,
970 2171 1206 2236 Lacedaemonii
1234 2181 1317 2237 etiam
1347 2172 1410 2234 hanc

254 2253 355 2318 urbem
378 2262 593 2340 occupaverunt
614 2262 643 2316 et
658 2250 774 2318 Locros
795 2254 827 2316 in
848 2255 1004 2342 pristinum
1025 2256 1119 2320 locum
1141 2257 1343 2337 restituerunt,
1361 2253 1409 2317 vid.
1467 2309 1468 2340 ,

254 2335 380 2400 Diodor.
402 2335 462 2398 Sic.
483 2337 566 2404 XIV.
588 2336 643 2400 34:
665 2335 909 2416 Λακεδαιμόνιοι
930 2340 964 2401 dd
985 2337 1224 2418 καταλελυκότες
1244 2341 1315 2416 τοὺς
1335 2338 1410 2404 πολί-
1467 2353 1468 2358 ’

254 2443 335 2500 μους
355 2421 405 2481 καί
427 2422 542 2502 σχολὴν
563 2418 694 2502 ἔχοντες,
717 2419 920 2504 ἐστράτευσαν
940 2424 987 2486 ἐπὶ
1009 2427 1225 2506 Μεσσηνίους,
1259 2417 1300 2491 ὧν
1320 2422 1409 2504 οἱμὲν

256 2505 289 2568 ἐν
308 2505 509 2596 Κεφαλληνίᾳ
537 2501 686 2590 φρούριόν
715 2529 744 2568 τι
772 2502 944 2593 κατῴκουν,
978 2507 1007 2571 οἳ
1035 2508 1068 2572 δὲ
1088 2507 1282 2578 Ναύπακτον
1308 2512 1336 2572 ἐν
1359 2515 1410 2580 τοῖς
1467 2515 1468 2518 ’

255 2591 485 2748 accae
510 2588 1218 2761 ἑυνακοιολικλινν·
1238 2589 1410 2752 scau
1467 2573 1468 2656 ³

528 2729 530 2734 -
1166 2707 1183 2744 o
1231 2707 1261 2744 εν
1388 2717 1394 2754 p

256 2759 475 2842 Κεφαλληνίαν
496 2761 628 2836 οίκοῦσι,
649 2758 685 2821 τὸ
708 2760 742 2826 δι’
762 2768 826 2834 τοῖς
846 2761 995 2842 Λοκροῖς.
1038 2707 1267 2830 ΡοοέαιιίοομΧ.
1288 2765 1342 2843 38,
1364 2763 1407 2824 id:

258 2841 308 2904 Ta
332 2841 368 2904 δί
385 2865 438 2921 μοι
461 2845 683 2921 Ναυπακτίων,
716 2842 757 2918 ὡς
782 2853 847 2919 τοῖς
875 2846 905 2920 ἐς
922 2845 1059 2929 Ἰθώμην
1085 2847 1259 2914 ἀποστᾶσιν
1282 2845 1355 2928 6μοῦ
1373 2847 1408 2928 τῷ

256 2930 373 3012 σεισμηίΑ
392 2931 436 3012 τῷ
458 2927 490 2989 ἓν
509 2929 722 3007 Λακεδαίμονι
738 2927 912 3010 Ἀθηναίου
932 2928 1122 2996 Ναύπακτον
1142 2933 1298 3016 ἐνοικῆσαί
1319 2953 1409 3015 σφισιν

257 3007 369 3074 ’ἔδοσαν
395 3007 575 3096 ἀφελόμενοι
602 3010 675 3087 τοὺς
695 3013 843 3096 Λοκροὺς
870 3017 921 3076 καί
951 3012 994 3090 ὦς
1019 3023 1074 3080 τοῦ
1094 3015 1279 3101 Ἀθηναίων
1298 3013 1408 3096 ὕστερον

258 3095 450 3174 πταίσματος
470 3101 526 3159 acui
548 3098 580 3160 ἐν
593 3095 692 3180 Αἰγὸς
713 3107 862 3180 ποταμοῖς
873 3099 1117 3182 Λακεδαιμόνιοι
1137 3104 1210 3180 τοὺς
1231 3101 1408 3182 Μεσσηνίους

258 3181 386 3254 ἐδίωξαν
406 3181 456 3242 καὶ
479 3182 513 3246 ἐκ
532 3186 587 3262 τῆς
604 3179 807 3258 Ναυπάκτου,
828 3183 901 3246 τάδε
921 3183 977 3266 μέν
998 3187 1114 3270 ἐπῆλθέ
1133 3213 1187 3270 μοι
1210 3189 1260 3252 καί
1282 3189 1311 3261 a
1330 3181 1406 3246 πλίον

258 3263 278 3347 ἢ
306 3265 469 3344 Μεσσηνία
496 3263 668 3351 συγγραφή.
701 3268 761 3332 vid.
782 3267 835 3336 IV.
857 3267 900 3332 24
927 3277 957 3334 et
977 3272 1028 3336 26.
1070 3271 1127 3336 Illo
1160 3274 1170 3336 i
1195 3274 1254 3337 'tur
1285 3279 1407 3356 tempore,

278 3369 314 3411 uo
341 3347 572 3414 Lacedaemonii
599 3350 734 3416 Athenas
760 3349 992 3441 occupaverunt,
1022 3356 1138 3420 videtur
1196 3377 1252 3445 yco
1278 3349 1406 3446 praesidio

257 3369 504 3515 Atheniensium,
537 3435 613 3520 quod
640 3435 698 3500 fuit
724 3437 792 3500 Nau
814 3439 887 3521 acti,
918 3441 1085 3539 praefuisse
1117 3443 1274 3528 urbemque
1300 3433 1407 3528 pecunia

259 3523 411 3606 corruptus
432 3517 678 3586 Lacedaemoniis
704 3459 886 3609 prodidisse:
918 3531 1017 3608 itaque
1044 3527 1135 3592 fuerit
1161 3529 1234 3592 haec
1253 3518 1405 3606 Metagonio

258 3601 360 3670 fabula
386 3623 447 3666 non
473 3603 516 3672 ita
542 3604 631 3669 multo
660 3615 727 3708 post
747 3606 879 3672 Euclidis
907 3623 1015 3674 annum
1037 3613 1154 3712 scripta.
1196 3611 1304 3676 Eodem
1324 3609 1405 3669 autem

258 3685 340 3767 locu,
361 3707 418 3772 quo
439 3687 610 3774 Lyconem,
637 3699 723 3755 enam
744 3691 868 3756 Midian
894 3693 1012 3758 videtur
1039 3715 1164 3762 οοοιιοοε
1184 3702 1269 3782 poeta
1289 3688 1404 3774 exagito·

258 3770 356 3852 visse,
383 3771 453 3836 vide
474 3771 668 3838 Scholiastam
691 3775 843 3865 Aristoph.
866 3775 944 3842 Avv.
967 3779 1065 3844 129&
1095 3781 1298 3860 Διαβάλλεται
1323 3775 1353 3835 δι’
1371 3771 1404 3840 dc

259 3855 417 3938 πονηρίαν,
430 3851 471 3932 ὡς
482 3855 616 3922 Πλάτων
627 3860 658 3921 ίν
670 3863 789 3937 Νίκαις,
811 3864 862 3924 καί
876 3868 1003 3938 κλοπαῖς
1015 3865 1177 3946 δημοσίων,
1191 3860 1231 3940 ὡς
1245 3854 1404 3941 Μεταγένης

260 3935 441 4027 ίνὉμῆρῳ,
463 3944 513 4007 καί
535 3945 740 4032 συκοφαντίᾳ,
761 3945 811 4010 uhi
833 3947 1018 4013 scribendum
1039 3949 1236 4013 1οτ1ιιιεοκαλ
1256 3947 1300 4010 ἐπί
1320 3937 1402 4019 κλοπῇ

261 4024 417 4106 δημοσίων
434 4023 601 4108 χρημάτων
622 4063 662 4077 ·-
683 4031 733 4091 καί
754 4033 954 4115 συκοφαντία.
997 4025 1122 4098 Midian
1144 4033 1181 4098 ad
1202 4053 1262 4098 ram
1297 4026 1403 4098 ubflcffl

261 4107 520 4175 administrandam
543 4113 704 4176 accessisse
735 4115 869 4180 novimus
895 4097 981 4181 etiam
1011 4139 1050 4182 ex
1070 4117 1204 4184 Platonis
1224 4052 1364 4181 Aldhiadc
1381 4103 1400 4167 I·

260 4215 290 4281 p.
313 4196 375 4258 120
395 4193 441 4257 A:
468 4193 540 4259 Oia.
555 4188 672 4279 ὦγαθί,
701 4195 779 4262 ἀλλὰ
800 4199 876 4282 πρὸς
898 4203 1032 4265 Μειδίαν
1052 4225 1085 4266 σε
1107 4205 1157 4266 δεῖ
1172 4203 1223 4266 cdv
1243 4185 1401 4282 ὀρτυγοτρό-

263 4301 324 4362 φον
344 4276 525 4358 ἀποβλέπειν
552 4283 602 4346 καί
624 4279 736 4359 ἄλλους
756 4282 914 4361 τοιούτους
919 4333 929 4364 ,
960 4287 994 4350 οἳ
1009 4285 1049 4350 τά
1068 4291 1124 4370 τῆς
1149 4284 1261 4362 πόλεως
1280 4277 1400 4367 πράττω
