3000 5048
304 331 365 398 or
385 329 529 408 nomo.
550 329 738 400 mnono.
757 327 864 398 arro
884 329 1031 427 mmo.
1180 329 1246 400 ooo

84 523 150 568 ram
185 499 260 566 haee
285 499 378 566 rerba
403 497 624 584 metanoea,
653 498 717 584 opi
743 497 817 585 ipsis
844 497 1077 586 Amphidromiis
1103 497 1248 564 solemnia

83 608 205 653 munera
229 585 293 650 Iovi
325 584 408 672 quasi
440 584 533 648 amieo
563 583 676 648 cuidam
708 604 743 648 ao
769 583 909 650 familiari
940 583 1084 648 missuros
1110 591 1166 649 est.
1206 584 1249 650 Et

83 671 233 736 maenides
254 671 333 735 inter
354 669 434 734 eibos
449 670 604 734 ‘solemnes
623 668 711 732 huius
730 668 802 734 festi
823 668 883 734 diei
902 669 996 734 refert
1015 669 1104 735 etiam
1115 668 1250 734 Eubulus

65 756 160 846 -apud
180 754 367 819 Athenaeum
392 753 433 818 Π.
453 775 483 842 p.
503 755 546 820 65
568 753 610 819 0:
660 802 664 812 ,

166 842 266 924 Κοινῇ
287 862 319 902 τε
337 834 459 920 χναώειν
478 838 614 920 μαινίσιν
635 835 772 920 σηπίδια,

166 926 274 987 Πιλεῖν
294 947 326 987 τε
346 921 462 999 πολλὰς
482 918 649 997 πλεκτάνας
671 923 869 1006 ἐπιστρεφῶς.

83 1008 144 1074 Sed
165 1015 198 1072 ut
217 1008 286 1074 illue
306 1014 454 1089 revertar,
475 1007 593 1072 easdem
615 1007 705 1108 dapes
718 1007 927 1094 Theopompus
948 1007 1036 1072 etiam
1057 1006 1247 1095 Aphrodisiis

82 1093 231 1182 appositas
251 1093 351 1171 Ι,ἒτὶττο
377 1091 478 1157 finxit:
492 1091 687 1180 Aphrodisia
717 1099 814 1156 numm
840 1091 968 1156 Athenis
1001 1113 1020 1156 a
1045 1094 1248 1158 meretricibus

80 1179 264 1267 potissimum
283 1177 428 1244 *eedehrari
449 1184 519 1242 sont
538 1178 641 1256 solita3
667 1177 766 1261 itaque
785 1178 872 1240 etiam
894 1177 1032 1242 eomieum
1053 1184 1169 1276 poetam
1189 1199 1250 1242 mo

81 1263 409 1331 rehieum'aonvivium
432 1263 466 1328 in
493 1262 548 1327 hae
574 1261 676 1326 sabula
696 1264 970 1354 repraesentavisse
989 1263 1129 1346 ooniraio,
1171 1280 1250 1330 eom·

80 1367 171 1438 paros
191 1347 268 1436 qnod
287 1347 397 1418 Mache
417 1347 489 1412 dicit
513 1347 590 1436 apud
610 1345 797 1411 Athenaeum
817 1345 902 1410 XIII.
922 1367 952 1435 p.
972 1348 1036 1414 579
1056 1346 1098 1411 E:

165 1432 266 1516 Πρὸς·
275 1431 331 1516 τὴν
350 1436 381 1496 Γ
378 1431 529 1496 νώθαιναν
549 1432 683 1517 Δίφιλος
708 1432 833 1512 κληθείς
853 1455 926 1495 ποτε

164 1515 238 1582 ’End
259 1519 394 1595 δεῖπνον,
422 1513 464 1592 ὡς
485 1516 621 1601 λέγουσι,
648 1524 712 1590 τοῖς
727 1513 946 1602 Ἀφροδισίοις,
984 1529 989 1540 ·

169 1599 348 1683 Τιμώμινος
377 1597 512 1682 μάλιστα
532 1597 774 1683 τῶν·ίρωμίνοιν

165 1684 269 1772 Λήθῃ
291 1685 321 1750 δ’
345 1685 401 1751 ὑπ’
425 1685 522 1768 αὐτῆς
542 1686 667 1760 ἔττενώς
688 1678 887 1770 ἀγαπώμενος
976 1719 978 1722 ·

165 1773 203 1834 Π
247 1775 290 1836 'a

79 1855 170 1923 Adde
190 1793 328 1922 mm
347 1853 380 1917 in
400 1851 535 1919 Poenulo
555 1851 581 1917 Ι.
601 1855 642 1934 2,
664 1849 722 1918 43:

166 1940 257 2016 Diem
277 1939 408 2028 potorum
430 1945 460 2002 et
481 1937 632 2004 celebrem
648 1943 678 2002 et
697 1935 861 2002 venustatis
877 1936 1012 2026 plenum,

165 2024 302 2110 Dignum
322 2022 435 2090 Veneri
455 2021 521 2110 pol,
542 2022 611 2106 quoi
631 2028 701 2086 sont
719 2020 903 2111 Aphrodisia
922 2022 1021 2089 hodie.

78 2117 110 2176 et
130 2108 241 2174 ibidem
260 2127 292 2172 v.
311 2109 354 2174 53
375 2107 419 2171 sie
439 2107 567 2192 loquitur
587 2107 747 2172 meretrix:
829 2141 834 2152 ·

165 2193 273 2258 Turha
293 2199 339 2257 est
359 2191 436 2280 apud
458 2213 554 2256 mam:
577 2191 629 2258 An
642 2197 671 2256 ta
692 2193 734 2256 ibi
756 2191 801 2256 vis
822 2191 901 2256 inter
920 2191 995 2256 istas
1015 2193 1166 2260 versarier

85 2325 89 2332 .
164 2277 318 2342 Prosodas
332 2277 479 2364 pistorem
501 2277 628 2360 amicas,
648 2277 789 2362 reliquias
811 2277 958 2359 aliearias,

164 2360 297 2426 Miseros
319 2382 427 2426 scoeno
449 2360 609 2444 dehbutas,
640 2361 831 2426 servolicolas
853 2362 1000 2444 sordidas,

165 2443 249 2518 Quae
270 2446 323 2510 tihi
344 2445 425 2510 olent
446 2444 591 2516 stabulum
600 2451 765 2532 statumque
784 2446 888 2511 sellam
901 2460 931 2510 et
942 2445 1117 2512 sessibulum
1127 2467 1249 2529 merom,

109 2577 111 2584 -
166 2529 248 2604 Quas
279 2529 353 2596 adso
375 2529 453 2595 haud
474 2531 625 2616 quisquam
654 2551 789 2679 unqnanpl
804 2530 881 2595 liber
908 2532 1020 2620 tetigit,
1049 2552 1145 2618 neque
1166 2531 1251 2600 duxit

790 2635 896 2696 omum,

44 2707 46 2712 '
166 2697 357 2848 Sprvplorum
379 2697 594 2762 sordidulorum
617 2703 716 2763 scorta
737 2697 908 2764 diobolaris.

80 2784 171 2855 etv.
277 2807 285 2847 ι

165 2832 238 2934 Fuit
253 2866 341 2932 hodie
353 2887 460 2955 operae
473 2866 599 2954 pretium
610 2866 685 2949 aius,
706 2865 756 2952 qui
766 2866 939 2932 amabilitati
959 2866 1087 2934 animum
1097 2870 1248 2955 adiiceret,

167 2952 268 3019 Oculis
290 2951 391 3038 epulas
413 2950 495 3032 dare,
517 2951 669 3017 deluhr'um
681 2952 731 3038 qui
751 2952 840 3017 hodia
859 2960 993 3018 ornatum
1013 2953 1249 3040 inviserevenit,

166 3037 313 3102 Dossenni
333 3042 465 3100 aecastor
484 3035 529 3100 ilii
550 3057 610 3124 ego
629 3037 811 3124 lepidissima
832 3059 953 3102 munera
970 3041 1164 3106 meretricum.

80 3130 111 3190 et
139 3143 216 3210 quae
242 3129 419 3210 sequuntur,
446 3123 602 3206 quaestui
630 3122 667 3187 de
687 3120 864 3209 Calydoniis
885 3123 1075 3211 Aphrodisiis
1102 3126 1249 3210 dicuntur,

79 3218 150 3274 sunt
171 3216 269 3272 mmen
291 3207 328 3271 ad
348 3204 430 3270 illam
450 3207 551 3270 urbem
572 3207 716 3271 translata
737 3209 773 3271 ab
792 3206 1018 3273 Atheniensium
1039 3211 1133 3276 festor
1153 3210 1250 3278 Athe.

79 3295 217 3358 niensem
238 3291 316 3356 enim
337 3299 462 3392 poetam,
484 3289 692 3374 Menandrum,
714 3293 845 3377 sequitur
864 3293 1005 3358 Plautus:
1028 3317 1062 3358 ae
1082 3295 1251 3364 Menander

79 3382 168 3444 etiam
190 3377 223 3440 in
244 3376 382 3442 Parasito
402 3376 584 3464 Aphrodisia
610 3377 683 3441 feeit
701 3377 861 3454 celebrari,
891 3379 949 3443 vid.
970 3379 1144 3446 Athenaeus
1164 3381 1249 3452 XIV.

78 3487 108 3554 p.
129 3463 197 3530 dffl
217 3461 263 3525 De
305 3457 423 3544 Διόπερ
451 3460 636 3546 Μένανδρος
666 3463 699 3526 do
723 3460 843 3526 Κόλακι
869 3461 923 3526 ade
948 3473 1013 3540 τοῖς
1038 3469 1249 3552 τετραδισταῖς
1317 3505 1319 3508 -

79 3542 318 3695 διακρνοιγμενον
336 3541 481 3631 μάγειρον
502 3548 535 3610 ἐν
554 3552 592 3632 τῇ
613 3552 668 3630 τῆς
689 3540 851 3630 πανδήμου
860 3546 1044 3634 Ἀφροδίτης
1058 3549 1149 3638 ἑορτῇ
1170 3563 1251 3620 ποιεῖ
1276 3551 1279 3558 ⁴

78 3657 159 3700 ταοτ
193 3636 210 3693 λ
245 3651 332 3694 οντα·
515 3671 520 3682 ·
626 3653 629 3659 ·

167 3655 307 3796 Σπδνδή·
330 3714 417 3780 δίδου
438 3713 477 3778 od
497 3710 645 3800 σπλάγχν’
669 3714 865 3782 ἀκολουθῶν·
887 3726 945 3790 ποτ
959 3717 1097 3805 didesia}

167 3797 309 3884 Σπονδὴ·
333 3789 444 3886 φίρίἶι
465 3809 526 3863 παῖ
542 3802 663 3866 Σωσία·
686 3798 822 3885 σπονδή·
843 3807 944 3880 καλῶς

160 3883 277 3968 Ἔγχει·
298 3891 384 3962 θεοῖς
402 3883 579 3966 Ὀλυμπίοις
599 3881 771 3968 εὐχώμεθα,

163 3969 376 4050 Ὀλυμπίαισι,
397 3975 488 4046 πᾶσι,
511 3969 637 4046 πάσαις·
659 3967 796 4052 λάμβανε
866 3983 867 3986 ’

170 4054 238 4136 Τὴν
258 4060 396 4138 γλῶτταν
422 4057 455 4120 δν
473 4053 588 4140 rodope·
615 4052 733 4120 διδόναι
759 4055 921 4139 σωτηρίαν,

163 4135 310 4223 Ὑγίειαν,
332 4139 438 4224 ἀγαθὰ
459 4141 567 4219 nond,
588 4146 650 4206 τών
671 4139 766 4206 ὄντων
785 4165 817 4206 τι
838 4145 893 4206 νῦν

163 4222 306 4308 Ἀγαθῶν
326 4223 429 4309 ὄνησιν
449 4231 540 4304 πᾶσι,
561 4225 651 4290 ταῦτ’
674 4222 844 4308 εὐχώμεθα.
910 4274 913 4282 .

81 4311 329 4410 Celebrabonter·
346 4319 447 4376 autem·
463 4311 644 4400 Aphrodisia
670 4325 735 4378 arm
762 4311 832 4376 alibi
852 4312 884 4376 in
905 4275 1049 4394 Graoeia,
1080 4317 1141 4378 tum
1150 4333 1180 4467 p

81 4415 169 4486 erpoe
195 4392 332 4460 Corinthi
363 4398 624 4480 amerotrieihos,
666 4397 726 4463 uid.
749 4395 921 4470 Athenaeus
947 4395 1032 4464 xuu
1059 4419 1089 4487 p.
1108 4397 1150 4466 ⁵7
1198 4398 1244 4463 B:

1181 4335 1247 4378 Pae·
