3052 5060
287 285 290 290 ’
342 303 401 374 na
422 303 572 384 annno,
586 304 773 378 nouom.
794 309 900 380 suu.
921 312 1068 394 numo.
1226 322 1289 389 ros

283 478 298 496 u
437 474 446 499 Ι
516 497 523 514 .
715 481 731 498 u
901 474 910 503 Ι
1022 480 1032 508 2
1119 482 1128 507 h

117 473 504 649 ςςςςςιλςςςςιςι
520 559 554 624 ι
567 475 761 646 ‘otoo
774 477 1289 657 ςςςιιιςςςνςνςςςςςς

116 643 235 720 δεινοὺς
255 641 391 728 ποιήσειν
410 643 624 730 λέγειν’,ίδιον
645 646 679 710 δὲ
699 646 734 710 τὸ
756 653 876 714 τοιοῦτο
891 653 1011 730 μᾶλλον
1031 658 1086 734 τῆς
1108 661 1287 740 ρητοριιιῆς·

114 725 158 803 ὥς
180 727 224 793 ἔνι’
248 727 436 816 ἀμφοτέροις
456 729 510 796 τὸν
531 726 703 817 φιλόσοφον
722 731 915 820 καθαρείειν.
946 736 985 801 Oi
1006 735 1039 801 δ’
1054 735 1099 802 ὅτι
1121 735 1288 828 ὁλόκληρον

116 816 159 888 είς
179 809 275 878 αὐτὸν
295 815 436 892 συνέταξε
457 817 563 900 δρᾶμα
584 817 634 880 καλ
657 814 699 880 δι’
719 814 837 903 ἔχθραν
853 821 1026 901 νομίζουσιν
1046 821 1140 888 αὐτὸν
1160 850 1288 910 nannon-

115 899 216 976 κέναι,
248 897 304 962 οὐκ
326 897 431 983 ὀρθῶς
452 893 582 966 οἷὀνται·
613 907 736 984 πρῶτον
755 903 891 989 μὲνγὰρ
912 906 1047 992 Δίφιλος
1067 910 1110 984 εἰς
1129 911 1286 998 Βοίδαν“)

114 983 169 1048 τὸν
190 980 363 1071 φιλόσοφον
384 981 551 1070 ὁλόκληρον
571 987 713 1062 συνέταξε
735 989 862 1071 ποίημα,
884 988 931 1052 δι’
952 980 991 1054 οὗ
1011 993 1061 1056 καί
1083 996 1125 1068 τίς
1146 997 1287 1061 δουλείαν

114 1069 311 1152 ίροσαίνετο
342 1065 358 1134 ὃ
390 1067 576 1156 φιλόσοφος·
621 1069 657 1134 οὗ
685 1071 737 1135 διὰ
764 1080 856 1138 τοῦτο
885 1073 920 1138 ot
950 1075 1068 1161 ’ἐχθρὸς
1092 1069 1146 1161 ἦν·
1183 1079 1285 1148 ἔπειτα

131 1153 259 1234 ἰ’ίσολις,
282 1156 309 1219 τί
323 1156 373 1218 καί
396 1153 438 1218 δι’
462 1153 571 1240 ὀλίγων
591 1152 731 1239 ἐμνήσθη
753 1154 951 1245 Σωκράτους,
972 1166 1091 1242 μᾶλλον
1111 1161 1130 1246 ἢ
1148 1161 1287 1249 inpenso-

14 1253 15 1290 ἒ
123 1237 216 1324 μένης
243 1241 275 1304 έν
302 1237 387 1316 ὅλαις
413 1249 481 1316 ταῖς
506 1241 661 1328 Νεφέλαις
694 1241 792 1308 αὐτοῦ
819 1240 1001 1326 καθήψατο.
1051 1245 1110 1312 His
1138 1249 1285 1340 adiungas

114 1265 256 1392 gehenon
275 1321 420 1390 Clement.
434 1323 599 1391 Alexandr.
608 1326 757 1416 Protrept.
778 1349 807 1433 p.
819 1331 861 1392 ‘20
882 1329 958 1414 qnod
978 1333 1011 1396 in
1033 1332 1161 1398 editione
1183 1335 1285 1425 Lipsi-

14 1451 15 1458 ι
114 1410 181 1477 ensi
200 1410 322 1498 legitur,
347 1414 413 1474 Τοῦ
428 1408 577 1487 Ἵππωνος
599 1414 648 1474 καί
671 1411 820 1488 antonus
841 1412 972 1496 ἀσεβοῦς
992 1417 1152 1499 γινομένου
1167 1420 1285 1502 μέμνη-

114 1520 164 1558 ται
192 1491 209 1559 ὃ
237 1497 407 1576 Κρατῖνοςι
450 1495 569 1560 omniuo
600 1496 693 1584 igitur
725 1499 757 1562 in
790 1497 891 1564 Schol.
923 1499 1135 1590 Aristophanis
1168 1503 1285 1574 Cratini

113 1601 220 1647 nomen
241 1579 472 1648 substituendum
498 1581 556 1646 fnit
577 1583 701 1648 Crateti.

198 1664 280 1732 Satis
302 1686 446 1754 superque
462 1686 501 1731 ex
512 1667 559 1730 his
582 1687 615 1730 co
661 1667 787 1733 oseimus
808 1666 885 1732 hanc
898 1667 1027 1734 fabulam
1069 1671 1230 1740 otissimum
1251 1674 1285 1739 in

112 1749 251 1852 Hippone
272 1751 445 1840 philosopho
467 1753 608 1840 exagitan
629 1773 647 1816 o
668 1758 816 1819 uersatam
838 1773 919 1817 esse:
947 1754 1000 1817 sed
1066 1777 1122 1844 ppo
1143 1757 1196 1822 iile
1218 1760 1284 1844 quis

112 1837 219 1918 inerit,
251 1837 428 1924 ambignum.
470 1835 540 1901 Non
577 1837 719 1901 obscurus
750 1857 872 1925 prorsus
905 1844 951 1902 est
981 1837 1081 1928 Hippo
1112 1839 1283 1929 Rheginos,
1364 1895 1366 1900 .

113 1943 198 2009 quem
214 1921 329 2008 quidem
350 1927 464 2010 negant
485 1919 638 1987 aCratino
658 1922 778 1986 irrisum
790 1941 872 1986 esse:
894 1923 967 1987 mihi
987 1943 1059 1988 vero
1081 1945 1167 1990 secus
1182 1927 1283 1993 viden·

13 2083 14 2086 ,
112 2005 319 2073 hustaturisse.
341 2005 423 2071 Sane
437 2004 498 2094 Hip
519 2027 536 2072 o
556 2006 615 2071 iste
636 2028 695 2071 nom
717 2007 861 2095 potuisset
881 2005 1037 2073 aCratino
1057 2009 1088 2073 in
1101 2010 1157 2074 hae
1169 2031 1284 2078 comoe-

112 2093 161 2158 dia
181 2091 296 2174 notari,
317 2092 345 2156 si
370 2091 446 2177 quod
466 2027 558 2178 vuhgo
585 2091 771 2173 existimant,
793 2091 831 2156 ad
852 2092 1056 2177 antiquissima
1075 2101 1222 2184 tempora,
1245 2097 1284 2164 ad

13 2251 14 2256 γ
112 2177 271 2244 Thaletem
298 2183 379 2242 esset
405 2176 598 2242 reiioiendus:
641 2194 736 2263 neque
763 2176 841 2241 enim
868 2178 1012 2266 potuisset
1033 2177 1173 2245 Cratinus
1200 2180 1282 2248 itlius

111 2263 278 2330 memoriam
305 2269 452 2328 vetustate
477 2262 536 2328 iam
564 2261 671 2328 dudum
698 2261 858 2327 obsoletam
883 2269 915 2327 et
941 2261 1175 2330 Atheniensibus
1202 2275 1283 2333 eerte

110 2348 363 2436 plaueohscuram
384 2367 539 2424 renovare,
552 2347 687 2432 quoniam
709 2347 739 2412 id
752 2365 874 2436 prorsus
896 2347 932 2412 ab
954 2348 1078 2436 ingenio
1099 2356 1130 2414 et
1149 2350 1282 2418 instituto

111 2433 248 2520 antiquae
275 2431 442 2498 comoediae
472 2433 625 2498 abhorret:
670 2431 796 2498 eomieus
825 2432 902 2496 enim
923 2443 1021 2582 poeta
1048 2433 1136 2500 dehet
1164 2457 1283 2527 semper

110 2513 193 2584 susim
214 2524 354 2600 aetatem,
382 2538 466 2582 suam
492 2517 640 2584 civitatem
667 2517 792 2600 intueri,
819 2517 847 2582 si
873 2517 989 2602 quiem
1015 2518 1046 2583 id
1066 2519 1131 2584 vult
1151 2523 1280 2608 assequi,

109 2602 186 2690 qaod
209 2623 323 2670 summo
355 2602 452 2670 studio
480 2611 526 2668 est
552 2601 765 2691 expetendum,
798 2608 831 2666 ut
858 2609 1024 2690 spectantes
1049 2603 1224 2694 intelligant
1251 2614 1282 2672 et

108 2688 303 2790 perspiciant,
332 2687 400 2774 quid
426 2687 499 2752 velit
526 2696 628 2777 poeta,
658 2695 690 2751 nt
711 2695 741 2752 et
765 2686 986 2752 delectationem
1014 2693 1044 2752 et
1064 2689 1217 2756 utilitatem
1240 2712 1281 2756 ex

127 2795 192 2840 oesr
233 2779 326 2837 etant:
354 2793 427 2837 nam
451 2773 511 2837 nisi
533 2780 658 2837 externa
678 2771 792 2860 speeies
820 2777 851 2834 et
875 2772 972 2836 forma
998 2772 1117 2838 fabulae
1138 2777 1212 2840 satis
1234 2783 1280 2842 est

108 2793 197 2927 hilum
218 2879 236 2922 a
257 2865 288 2922 et
308 2865 420 2946 aperta,
441 2878 496 2922 nee
517 2857 706 2946 ipsaveritas
728 2855 800 2920 satis
822 2861 919 2920 mente
941 2864 971 2920 et
985 2857 1162 2944 cogitatione
1183 2867 1280 2949 potest

107 2943 326 3032 comprehendi.
368 2941 466 3030 {gitur
490 2941 563 3006 illud
591 2941 707 3028 quidem
733 2935 857 3005 neeesse
885 2947 945 3022 est,
973 2947 1006 3005 nt
1031 2943 1162 3091 aeprahs
1188 2945 1280 3011 suerit

107 3033 218 3096 comico
243 3027 452 3117 philosophus:
495 3025 663 3116 Hipponem
692 3031 788 3090 autem
817 3025 971 3110 quominus
1004 3025 1041 3090 ad
1096 3049 1151 3094 ane
1183 3030 1278 3118 ipsam

107 3121 232 3183 aetatem
253 3113 430 3195 reseramus,
450 3113 527 3178 nihil
547 3112 666 3177 omnino
688 3118 735 3176 est
746 3111 822 3196 quod
832 3111 941 3175 obstet:
964 3111 1051 3176 immo
1073 3119 1152 3196 sunt,
1173 3116 1277 3200 quibus

107 3201 165 3266 ista
198 3199 298 3263 ornio
331 3199 404 3264 satis
436 3199 633 3264 confirmetur.
679 3196 757 3262 Nam
785 3195 861 3284 quod
894 3195 1074 3262 Aristoteles
1105 3197 1276 3288 Metaphys.
1293 3209 1306 3224 '

105 3285 173 3354 1.3
200 3220 241 3350 H
264 3305 369 3371 ponem
396 3283 550 3376 subiungit
575 3281 699 3347 Thaleti
727 3287 757 3347 et
784 3302 844 3344 una
870 3302 934 3345 oum
957 3281 1024 3346 aliis
1054 3281 1184 3348 eiusdem
1211 3285 1276 3350 fore

105 3370 210 3436 sentis
231 3391 250 3458 p
272 3369 414 3456 ilosophis
436 3374 657 3449 commemorat,
688 3365 719 3432 id
745 3366 864 3430 minime
889 3367 994 3454 prohat
1021 3369 1158 3454 aequales
1180 3377 1276 3435 aetate

105 3457 219 3537 fuisse,
241 3455 295 3520 sed
312 3452 491 3519 Aristoteles
514 3475 549 3519 eo
571 3451 647 3538 qnod
667 3459 819 3538 utrumque
842 3451 971 3540 copulat,
994 3452 1164 3539 significare
1184 3455 1277 3520 voluit

105 3541 258 3628 utriusque
283 3539 399 3633 piacita,
418 3559 478 3604 non
504 3555 627 3628 prorsus
654 3537 773 3604 diversa
792 3536 902 3617 fuisse3
932 3535 1100 3626 Hipponem
1121 3539 1214 3625 igitur
1233 3541 1275 3604 ita

173 3869 203 3936 t)
237 3855 354 3924 Boedam
375 3859 562 3935 philosophum
583 3877 692 3932 prorsus
714 3859 824 3928 ignoro,
854 3865 881 3914 et
903 3861 1027 3929 putabam
1049 3859 1189 3928 aliqnando
1210 3859 1275 3912 neto

103 3939 154 3993 hoe
170 3937 278 3991 nomine
294 3933 479 4005 philosophum
495 3930 584 3983 neseio
609 3947 688 3998 quem
705 3947 722 3983 a
737 3929 771 3982 Di
790 3929 845 3982 hilo
861 3929 968 3982 irrisum
989 3945 1061 3982 esse:
1084 3925 1188 3990 Βοίδης
1203 3927 1274 3980 eninr

103 4009 175 4060 homo
192 4005 288 4058 dieitur
303 4006 396 4059 melem
412 4009 436 4055 et
453 4001 535 4052 obtusi
551 4002 652 4064 inperiti.
675 3949 798 4052 Eustath.
816 4015 843 4066 p.
856 3997 921 4062 962,
941 3997 986 4050 18:
1003 3989 1062 4075 ⁰032
1078 3991 1110 4046 δὲ
1125 3995 1174 4044 καὶ
1190 3990 1273 4046 ἀναι-

103 4071 360 4142 σθησίαςισκῶμμα
377 4062 548 4139 λαμβάνεται
565 4061 670 4132 ὁβοῦς,
689 4064 768 4130 δηλοῖ
784 4067 831 4117 καὶ
848 4059 952 4135 onuph
965 4061 1125 4138 Μενανδρρι
1142 4061 1271 4128 βοίιλης,

104 4136 119 4196 ὅ
137 4141 196 4196 ἐστι
212 4139 313 4198 notior.
339 4131 440 4204 εὐήθης
456 4131 517 4188 καθ’
538 4129 685 4204 ὁμοιότητα
703 4133 751 4184 τοῦ
767 4128 908 4203 ἀμνοκῶν.
942 4131 1063 4200 sensuit
1079 4133 1159 4184 etiam
1175 4147 1272 4185 nomen

102 4209 207 4276 Βοίδης
223 4191 389 4276 nequaquam
405 4206 532 4271 insolens,
550 4201 685 4264 Vitruvius
703 4201 807 4270 quidem
825 4203 857 4256 L.
877 4201 921 4254 111.
941 4199 1022 4270 praef.
1040 4199 1196 4252 statuarium
1215 4200 1272 4264 eiua

102 4279 220 4334 nominis
236 4276 355 4329 exhihetr
376 4277 409 4328 Ut
426 4273 516 4326 linitos
533 4273 698 4334 Atheniensis,
719 4271 796 4322 Chion
816 4271 976 4336 Cortorthios,
994 4271 1118 4335 Μμσρσοο
1135 4269 1270 4350 ΡλσστιαιιΙ

106 4349 213 4401 (ἔλουσα
230 4347 364 4412 spinatae,
382 4344 482 4395 Boeotos
498 4343 659 4408 opinatos,
679 4341 801 4406 etiomqm
816 4341 864 4392 alii
880 4341 974 4406 ptores.
1008 4337 1048 4389 lta
1064 4343 1135 4388 rente
1151 4337 1271 4389 nonmrssn

13 4441 15 4472 ι
103 4415 218 4480 conica,
234 4416 313 4488 uulgo
334 4412 424 4464 Herios.
442 4409 508 4464 ruit
524 4407 633 4479 Lysippi
651 4406 809 4478 discipulus,
827 4408 878 4463 vid.
896 4405 965 4460 Pliu
984 4405 1020 4460 H.
1038 4406 1073 4460 N.
1092 4401 1214 4458 XXXIV.
1227 4403 1268 4458 10.
1321 4419 1324 4425 ’
