3018 5064
331 311 392 382 us
412 309 556 394 uuus
578 309 767 386 seuero.
787 313 896 388 suu.
915 267 1062 400 auria
1133 362 1138 370 ·
1240 327 1286 396 sa

104 487 163 554 boc
187 502 257 550 esre
283 481 466 550 Callimacho
483 482 650 566 archonte,
682 481 713 549 h.
740 505 767 550 e.
794 483 914 576 Olymp.
938 485 1114 562 LXXXIII.
1134 491 1173 558 3:
1211 489 1282 556 Ἐπ’

104 567 255 654 ἀρχοντος
276 567 311 632 dd
330 563 538 652 Καλλιμάχου
558 568 737 656 συνῳκίσθη
758 571 809 634 καί
830 569 908 650 μετὰ
928 573 1032 656 βραχδ
1051 583 1283 656 μετασταθεῖσα
1305 594 1309 602 ’

103 659 148 733 τίς
184 655 285 740 ἕτερον
315 650 412 718 τόπον
443 654 652 740 προσηγορίας
679 651 786 742 ἑτέρας
812 653 912 736 ἔτυχε,
957 665 1284 746 κιιστῶνηενομίνων
1313 737 1316 744 ,

101 737 288 822 Λάμπωνος
315 741 366 819 καί
393 736 579 825 Ξενοκρίτου
605 743 718 803 τοῦτον
743 738 798 803 τάν
827 738 951 826 τρόπον.
1007 743 1128 812 Deinde
1157 749 1284 839 exponit

102 825 264 913 Sybaritas
291 823 324 888 iu
351 845 494 889 summam
521 823 651 912 inopiam
680 823 828 889 coniectos
851 825 889 890 ab
910 825 1145 896 Atheniensibus
1169 841 1198 897 et
1218 833 1284 900 La·

102 909 303 976 cedaemoniis
331 908 451 974 colonos
477 909 632 998 petivisse:
670 915 701 972 et
726 907 984 976 Lacedaemonios
1005 913 1121 999 quidem
1151 917 1284 1008 denega·

100 995 202 1076 visse,
228 993 433 1058 Athenienses
455 999 552 1058 autem
574 993 675 1058 decem
696 1013 790 1058 naves
811 994 934 1060 ducibus
954 995 1112 1087 Lampoue
1133 1009 1163 1064 et
1181 1001 1284 1070 Xeno·

101 1081 177 1146 crito
198 1079 333 1158 misisse,
365 1079 419 1164 qui
439 1075 572 1164 Sybarin
593 1077 800 1166 pervenerint:
842 1086 999 1169 praeterea
1019 1103 1092 1148 vero
1113 1086 1200 1150 οιὶιιιι
1222 1085 1283 1154 Pe·

99 1164 294 1254 loponnesios
320 1163 354 1226 in
381 1162 551 1228 societatem
578 1168 699 1226 vocatos
727 1184 811 1244 esse,
850 1165 1015 1254 multosque
1044 1172 1227 1257 praestantia
1253 1181 1284 1239 et

100 1248 308 1315 commoditate
333 1247 392 1312 loci
416 1247 573 1336 perductos
599 1246 672 1314 illuc
693 1248 922 1335 commigrasse:
956 1251 1076 1319 colonos
1103 1261 1200 1323 autem
1221 1277 1283 1324 nou

99 1333 195 1400 multo
215 1339 283 1422 post
302 1331 402 1396 sedem
425 1332 506 1396 urbis
529 1351 568 1396 ex
588 1330 741 1420 Apollinis
762 1332 883 1398 oraculo
898 1337 1060 1404 mutavisse
1081 1345 1112 1403 et
1132 1339 1191 1408 alio
1213 1364 1283 1410 cou-
1410 1348 1413 1356 ’

99 1419 208 1485 tulisse
229 1419 263 1484 in
282 1417 388 1499 locum,
410 1418 460 1504 qui
482 1422 528 1482 est
548 1419 628 1480 inter
650 1413 776 1482 Crathin
798 1423 829 1482 et
854 1415 988 1505 Sybarin
1014 1421 1137 1508 fluvios,
1172 1447 1282 1495 novae-

99 1525 160 1592 que
185 1504 253 1568 urbi
280 1501 414 1568 Thurios
443 1521 553 1566 nomen
574 1499 728 1567 indidisse.
770 1499 874 1587 ltaque
896 1523 970 1568 sane
993 1504 1176 1574 Callimacho
1196 1533 1284 1604 prae-

98 1597 168 1656 tore
188 1587 328 1654 videntur
347 1587 435 1677 primi
457 1585 554 1651 coloni
576 1585 711 1651 Thurios
731 1585 862 1654 Athenis
883 1591 1072 1678 pervenisse:
1100 1593 1209 1660 tactum
1231 1619 1283 1664 au·
1319 1584 1325 1599 '

99 1681 161 1742 tem
178 1673 252 1739 illud
273 1679 343 1773 puto
365 1677 434 1737 ante
454 1671 528 1737 illud
555 1677 686 1759 tempus,
723 1693 780 1820 quo
801 1671 925 1738 Euboea
946 1673 1069 1756 defecit3
1103 1676 1282 1753 Plutarchus

99 1761 181 1826 eninr
205 1779 240 1824 eo
261 1779 390 1824 maxume
412 1756 535 1821 consilio
557 1755 627 1820 dicit
648 1755 737 1820 Perio
750 1777 797 1823 em
818 1757 952 1840 misisse,
975 1765 1008 1824 ut
1028 1761 1190 1830 seditiosae
1207 1767 1283 1832 mul·
1372 1772 1375 1782 '

98 1845 236 1911 titudinis
257 1844 350 1906 robur
369 1842 557 1907 imminueret
577 1847 607 1904 et
627 1841 799 1928 frangeret,
833 1863 872 1906 ne
899 1863 1042 1909 novarum
1063 1867 1163 1913 rerum
1184 1851 1282 1939 cupidi

98 1928 230 1996 civitatis
252 1932 362 1990 statum
382 1925 607 2013 perturbarent3
628 1924 703 1989 haec
725 1925 802 1990 enim
816 1947 841 1992 c.
854 1925 904 1993 11.
918 1928 1085 2018 subiungit:
1107 1935 1171 1995 Kal
1193 1934 1280 2000 ταῦτ’
1333 1977 1337 1987 .
1362 1967 1364 1974 -

99 2013 250 2098 ἴπραττεν
277 2009 494 2096 ἀποκουφίζων
521 2008 578 2090 μίν
605 2005 702 2092 ἀργοῦ
722 2011 774 2072 καί
802 2009 855 2076 aaa
884 2012 999 2096 σχολὴν
1026 2015 1300 2102 πολυπράγμονος
1377 2041 1387 2066 ·
1423 2003 1425 2010 ¹

99 2096 197 2182 ἀχλου
218 2095 274 2182 τὴν
294 2092 399 2171 πόλιν,
426 2089 695 2178 ἐπανορθούμενος
715 2093 749 2158 δέ
768 2093 826 2172 τάς
846 2093 979 2183 ἀπορίας
998 2103 1055 2166 τοῦ
1077 2098 1194 2184 δήμου,
1220 2102 1283 2193 φό.
1339 2175 1345 2187 ⁸

97 2190 160 2268 βου
190 2183 224 2248 δι’
251 2184 302 2246 καί
334 2179 476 2266 φρουρὰν
500 2183 556 2270 τοῦ
588 2177 632 2260 μὴ
660 2180 838 2262 νεωτερίζειν
867 2205 898 2246 τι
929 2189 1192 2271 παρακατοικίζων
1216 2199 1282 2270 τοῖς

98 2264 288 2352 συμμάχοις.
331 2265 445 2332 Eodem
465 2263 560 2352 igitur
581 2281 660 2329 auno
681 2264 818 2332 ndenur
837 2264 975 2357 Lampo,
1006 2267 1202 2358 Xenocritus,
1232 2297 1280 2344 re-

97 2355 175 2442 liqui
196 2353 331 2420 Thurios
360 2350 543 2416 condidisse:
584 2349 799 2438 Peloponnesii
826 2351 956 2418 furasse
978 2351 1122 2422 Cathario
1142 2359 1195 2425 illo
1215 2361 1280 2428 La.

100 2439 292 2507 cedaemonio
315 2437 388 2502 duce
410 2442 497 2502 erant
518 2431 574 2500 usi.
602 2433 762 2502 Oraculum
775 2441 882 2522 autem,
904 2439 987 2506 cuius
1009 2442 1210 2510 aucmmtatem
1231 2467 1280 2512 se·

99 2526 162 2592 cuti
184 2531 254 2590 sunt
275 2522 389 2604 coloni,
421 2520 575 2604 Diodorus
604 2519 675 2586 dicit
695 2519 751 2587 hoc
773 2543 857 2589 esse:
893 2519 963 2588 Ὅτι
991 2526 1040 2589 δεῖ
1063 2530 1164 2592 κτίσαι
1191 2527 1280 2596 πόλιν

99 2608 217 2686 adsocia
239 2603 392 2694 ἐντούτῳ
413 2611 458 2693 τῷ
479 2601 564 2695 τόπῳ
587 2601 664 2670 ὅπου
685 2606 849 2689 μέλλουσιν
870 2609 961 2674 οίκεῖν
976 2609 1101 2698 μέτριον
1121 2610 1205 2698 ὕδωρ
1227 2616 1280 2680 nl.

97 2719 218 2774 νοντες,
247 2693 363 2776 ἀμετρῆ
386 2690 420 2756 δὲ
439 2686 540 2773 μάζαν
566 2687 694 2768 ἔδοντες.
738 2714 877 2802 quorsum
908 2702 1022 2784 spectat
1048 2697 1149 2764 Photii
1175 2701 1279 2788 glossa

97 2803 130 2874 p.
152 2781 228 2862 263,
249 2781 286 2846 9:
329 2777 450 2864 Μίτρῳ
471 2773 556 2863 ὕδωρ
578 2777 722 2856 πίνοντες,
744 2780 873 2864 αμετρία
895 2782 929 2844 δὲ
948 2777 1049 2862 μάζαν
1069 2781 1201 2860 ἔδοντες·
1224 2776 1284 2850 ab*

98 2891 154 2942 τος
177 2861 193 2930 ὅ
211 2865 314 2946 στίχος
335 2865 377 2938 είς
398 2864 567 2949 παροιμίαν
592 2862 737 2948 περιίστη
756 2861 789 2927 ἴκ
810 2889 892 2940 τινος
911 2871 1070 2948 χρησμοῦ,
1108 2866 1143 2932 ὃν
1163 2868 1278 2938 ἀνεῖλεν

56 2976 60 2984 “
99 2948 117 3017 ὅ
140 2949 214 3026 θεὸς
235 2949 441 3035 Συβαρίταις·
468 2944 613 3031 ὑβρισταὶ
633 2947 692 3032 γάρ
714 2945 797 3024 ὅντες
817 2951 869 3014 καί
890 2947 1097 3038 ἀμετροπάται
1118 2949 1278 3024 ἀπείλοντο

97 3033 161 3102 ἀπὸ
189 3037 432 3118 Κροτωνιατῶν·
464 3041 529 3108 τοῖς
558 3023 613 3097 odo
640 3035 844 3119 διαφυγοῦσιν
871 3033 974 3100 αὐτῶν
1003 3035 1100 3114 οὕτως
1124 3040 1275 3126 ἐχρήσθη.

97 3121 179 3187 Puto
200 3127 297 3186 autem
317 3119 401 3184 illum
422 3117 601 3183 versiculum
623 3120 667 3183 sic
689 3141 757 3184 esse
778 3120 981 3186 scribendum:

186 3199 436 3292 Messallae
458 3203 608 3280 πίνοντες,
639 3202 776 3290 ἀμετρί
798 3205 832 3268 dd
851 3207 953 3288 μᾶζαν
974 3205 1102 3284 ἴδοντες.

96 3289 199 3376 Atque
228 3291 272 3356 sic
299 3311 378 3354 nune
402 3288 490 3354 video
515 3288 600 3354 illum
626 3310 745 3354 versum
770 3289 834 3378 legi
862 3291 939 3380 apud
963 3291 1123 3358 Arsenium
1145 3293 1225 3364 vicl.
1246 3317 1276 3388 p.-
1332 3327 1334 3334 ·

97 3379 174 3444 353.
197 3375 243 3440 ed.
264 3373 367 3440 Walr.
408 3373 486 3440 Urbi
512 3381 608 3440 autem
635 3396 700 3438 cum
727 3382 807 3439 esset
832 3375 915 3441 locus
932 3386 1111 3466 opportunus
1134 3379 1275 3464 delectus,

97 3461 143 3526 Hi
162 3461 304 3550 podamus
340 3459 541 3524 nobilissimus
575 3459 751 3524 architectus
778 3481 893 3526 omnem
921 3483 984 3525 rem
1011 3465 1179 3529 moderatus
1207 3487 1277 3543 esse

96 3483 231 3612 viditur:
269 3544 360 3610 tradit
395 3545 474 3609 enim
500 3545 580 3610 hunc
607 3565 719 3630 quoque
747 3545 859 3610 colonis
886 3545 983 3610 adseri
1004 3554 1064 3612 tum
1090 3549 1185 3614 luisse
1211 3550 1276 3618 He·

98 3632 223 3720 sychius
249 3651 280 3697 v.
318 3624 511 3710 Ἱπποδάμου
542 3629 688 3711 νίμησις·
714 3627 768 3694 τὸν
794 3633 930 3716 Πειραιᾶ
958 3627 1272 3720 “ππόδαμος,Εάρυ-

97 3721 222 3792 ωῶντος
247 3722 340 3793 παῖς,
373 3711 461 3778 διαί
488 3711 744 3800 Μιτεωρολόηος,
779 3716 886 3778 διεῖλεν
901 3714 1093 3799 Ἀθηναίοις·
1131 3709 1220 3795 οὗτος
1241 3721 1275 3784 dd

98 3793 139 3882 ἦν
158 3803 210 3866 καί
233 3797 250 3866 ὃ
271 3795 454 3884 μετοικήσας
483 3801 524 3875 εἷς
556 3801 724 3886 Θουρίους,
762 3797 919 3881 Μιλήσιος
940 3797 992 3866 dv.
1035 3803 1116 3868 Hine
1141 3801 1275 3887 Θοάριος

101 3887 208 3954 dicitur
229 3909 248 3952 a
268 3883 369 3952 Schol.
390 3885 545 3974 Aristoph.
565 3885 641 3972 qu.
662 3887 737 3950 306.
781 3884 911 3950 Pulchre
941 3894 1037 3954 autem
1065 3896 1094 3953 et
1115 3889 1274 3956 artificiose

100 3973 183 4038 urbis
210 3972 353 4059 regiones
381 3971 544 4060 descriptas
575 3993 642 4036 esse
663 3970 749 4034 testis
771 3977 818 4036 est
838 3970 989 4038 Diodorus
1010 3972 1080 4038 XII.
1103 3974 1153 4040 10.
1196 3974 1274 4041 For·

99 4065 181 4124 tasse
211 4057 332 4122 Pericle
357 4058 485 4124 maxime
512 4063 630 4121 auctore
656 4055 699 4121 Hi
739 4055 859 4120 edamus
891 4057 925 4120 in
945 4059 1120 4124 'societatem
1151 4067 1272 4128 vocatus

99 4150 156 4209 est.
199 4141 263 4208 Iam
285 4143 358 4208 urbe
379 4165 457 4208 nova
479 4141 613 4222 condita,
646 4145 679 4204 ut
736 4141 856 4206 iodorus
882 4140 922 4206 X.
946 4143 996 4208 11.
1026 4143 1184 4210 memoriae
1204 4167 1273 4237 pro·

99 4229 160 4312 dit,
181 4249 244 4292 non
265 4227 315 4292 diu
337 4227 493 4292 concordia
515 4232 545 4291 et
565 4223 763 4310 tranquillitas
784 4225 957 4297 valuerunt:
990 4227 1103 4315 antiqui
1124 4230 1202 4296 enim
1223 4255 1272 4298 ur-

98 4314 147 4378 bis
167 4313 284 4378 incolae
302 4307 461 4398 Sybaritae
482 4311 645 4378 cum'iusto
666 4309 732 4400 plus
753 4311 812 4376 sibi
831 4311 1032 4396 vindicarent,
1053 4335 1204 4402 novosque
1224 4337 1272 4382 co·

98 4399 187 4468 lenos
209 4395 414 4484 aequabilitate
424 4397 510 4483 iuris,
531 4417 684 4468 munerum
705 4396 898 4468 othonorum
918 4398 1039 4490 privare
1061 4398 1180 4484 vehent,
1201 4419 1272 4490 gra·
