3004 5048
314 329 374 398 DE
394 327 538 406 illith.
559 327 748 400 conoul).
767 330 874 402 ATT.
893 331 1038 410 AN'l'lQ·
1195 335 1260 406 ²89
1400 397 1403 404 ,

0 567 1 588 ρ
91 497 211 569 uocibus
231 518 294 567 non
318 498 421 588 paucis
441 497 495 564 alii
521 497 579 564 sihi
599 497 797 585 permiserant
816 505 938 589 poetae,
963 499 996 567 iu
1015 501 1048 566 in
1068 501 1125 568 hac
1143 479 1258 568 l’here·

92 590 187 650 crates
208 583 329 666 lecerit,
359 584 446 650 metri
471 585 645 672 praesertim
665 582 735 684 lege
756 583 838 649 iham
858 583 1006 650 licentiam
1027 593 1187 653 excusante
1209 594 1259 652 ant

0 740 1 759 2
90 668 221 736 efiamfl
264 669 364 734 'tante
384 667 484 754 Atque
506 667 608 734 eadem
631 668 714 732 verhr
734 668 831 734 forma
851 690 923 735 usus
945 675 1010 736 erat
1030 671 1118 736 etiam
1138 671 1258 762 Euripi-

89 754 144 822 des
163 755 195 818 in
261 753 381 904 pssnlyto
401 773 431 818 v.
453 752 537 818 1197
558 753 678 900 suppari
703 752 769 818 lere
790 760 902 819 aetate:
932 775 1028 841 neque
1055 755 1134 820 enim
1155 777 1258 822 assen-

0 901 1 914 ,
87 839 147 904 tior
169 837 250 906 Guil.
303 837 447 922 indorfio,
478 837 586 922 quiin
634 836 710 902 rael.
729 835 816 902 Poet.
837 835 927 904 Scen.
968 839 1095 906 ‚xxlu
1115 839 1172 905 hoc
1192 862 1257 906 cor·

0 919 1 932 ¹
86 924 192 1012 rigere
213 923 322 988 voluit:
345 922 413 1006 Τὴν
432 919 511 987 εὐθὺ
526 918 663 1006 Ἄργους.
684 920 729 986 At
748 942 821 986 vero
843 923 930 1000 talem
947 860 1069 1006 hiatum,
1091 924 1258 1010 quivastis-

86 1009 163 1076 sime
199 1027 233 1073 os
260 1007 387 1090 diducit,
428 1028 489 1072 non
523 1028 596 1070 saue
627 1025 721 1090 aequo
755 1006 894 1072 tulissent
920 1008 1018 1073 animo
1044 1009 1258 1090 Athenienses,

1 1154 8 1189 ι
86 1113 212 1179 qaorum
240 1113 327 1158 aures
357 1097 467 1158 teretes
494 1090 632 1178 quidquid
660 1112 797 1179 asperum
824 1098 875 1158 aut
893 1091 1035 1158 incultum
1056 1099 1121 1158 erat
1140 1093 1258 1195 repudi·

86 1178 193 1246 cham:
214 1197 283 1244 nam
304 1177 381 1264 quod
393 1175 499 1242 Cicero
511 1176 582 1242 dicit
601 1175 634 1240 in
646 1175 773 1241 Oratore
793 1177 852 1242 c.8
873 1176 910 1244 de
920 1175 1149 1244 Atheniensium
1169 1201 1202 1244 m
1226 1199 1258 1243 a·

85 1262 154 1328 nior
197 1283 346 1347 „quornm
373 1283 490 1350 semper
515 1261 573 1328 luit
598 1259 728 1350 prudens
754 1260 959 1347 sincerumque
986 1261 1141 1346 iudicium,
1182 1200 1259 1330 nhil

85 1353 120 1412 nt
139 1355 263 1435 possent
273 1347 343 1429 ,nisi
363 1346 563 1436 incorruptum
584 1345 686 1410 audire
700 1351 730 1410 et
750 1345 888 1434 elegans:
910 1367 1011 1413 eorum
1031 1347 1172 1434 religioni
1193 1369 1259 1415 cum

0 1427 1 1502 ¹
86 1432 218 1496 serviret
244 1438 344 1497 orator
369 1431 483 1510 nullum
507 1431 630 1496 verbum
657 1429 811 1514 insolens,
853 1431 966 1497 nullum
993 1430 1126 1498 odiosum
1146 1451 1259 1522 ponera

0 1503 1 1520 ¹
86 1515 235 1584 solelrat.“
256 1517 288 1582 id
309 1515 496 1582 verissimum
518 1521 574 1597 est,
596 1535 691 1613 neque
713 1521 812 1579 tamen
831 1515 870 1580 iuv
886 1523 1019 1582 oratores
1041 1517 1150 1604 magis,
1172 1538 1259 1602 quam

6 1609 8 1677 ζ
84 1600 118 1666 iu
147 1608 254 1688 poetas
282 1600 374 1666 cadit:
416 1601 515 1700 itaque
542 1599 745 1666 Athenrenscs
771 1598 821 1664 vel
852 1599 880 1664 si
905 1601 942 1664 ah
969 1601 1114 1666 histrione
1140 1599 1259 1687 ahquotl

33 1707 52 1719 ’·
84 1686 261 1752 vocabulum
288 1693 369 1751 esset
395 1685 517 1751 horride
543 1684 762 1773 pronuntiatum
788 1682 979 1750 offenderunt
1010 1685 1150 1772 illumque
1176 1687 1258 1752 ocius

85 1769 200 1836 auferri
232 1771 401 1836 iusserunt:
433 1769 518 1837 tostis
554 1775 601 1834 est
626 1767 837 1856 Hegelochus,
871 1769 1061 1836 acerbissime
1094 1771 1258 1836 acomicis

84 1854 181 1944 poetis
214 1861 350 1938 notatus,
392 1875 458 1920 cum
489 1853 587 1944 paullo
613 1853 754 1941 pinguius
780 1852 946 1942 prolocutus
975 1860 1056 1918 esset
1084 1854 1258 1919 vocabulum

20 2009 21 2012 ,
85 1939 214 2026 aliquod.
256 1940 326 2004 Non
352 1939 447 2026 igitur
468 1937 561 2004 credo
582 1935 754 2025 Euripidem
782 1937 985 2020 commisisse,
1017 1944 1050 2002 ut
1079 1937 1259 2006 intolerabili

5 2069 7 2076 ·
84 2025 169 2090 hiatu
190 2021 269 2090 stau
283 2020 414 2106 Ἄργους
434 2043 522 2087 aures
542 2021 676 2086 laederet
696 2020 837 2086 omniumr
858 2043 961 2088 verum
981 2022 1084 2088 maluit
1099 2021 1151 2088 ille
1172 2021 1258 2088 verhi

0 2099 7 2189 ¹
83 2103 183 2174 ¹forma
204 2107 244 2172 ali
264 2113 353 2172 nanto
373 2106 567 2178 insolentiore
588 2106 640 2170 uti.
660 2106 764 2192 Neque
781 2113 828 2170 est
844 2106 918 2172 adeo
935 2107 1087 2189 insolens,
1108 2113 1137 2174 at
1157 2129 1194 2172 ue
1211 2107 1258 2174 illi

0 2196 3 2211 ¹
84 2191 258 2260 uoluntzita
291 2190 412 2258 'danus
442 2187 1115 2277 noque&ressurrectacrqinlsthmicis
1189 2189 1256 2260 At:

167 2271 289 2342 Ἰόπων
309 2275 341 2340 δ’
365 2277 396 2350 ἐς
417 2211 555 2384 §pharon
576 2273 688 2362 ἄντρον
709 2274 805 2352 εὐθὺς
1346 2290 1348 2294 ’

169 2361 328 2446 Χείρωνος
349 2358 438 2426 cortu
476 2357 620 2444 ἀγγελίαι.

0 2442 3 2459 ¹
83 2441 182 2522 εῧθῢς
203 2446 282 2512 enim
303 2445 389 2528 dixit,
410 2445 546 2532 quoniam
567 2445 601 2509 in
622 2447 755 2510 exhemo
775 2464 866 2510 versu
886 2443 1007 2510 suavius
1028 2443 1166 2512 alapres
1181 2445 1259 2510 acci·

84 2530 137 2612 uit,
178 2551 246 2599 uam
257 2527 353 2595 mot:
376 2551 456 2602 aare,
468 2536 565 2598 autem
580 2528 785 2618 interpreteris
794 2529 851 2594 hoc
860 2529 926 2595 loco
941 2531 1067 2606 state'ur,
1087 2539 1256 2594 contiuuo.-

2 2621 3 2624 ,
83 2552 221 2768 fflllqet
234 2615 272 2764 ρρί
262 2616 384 2786 ypffim
376 2613 494 2766 nquqql3
503 2614 691 2700 subsequitur
703 2611 829 2678 αὖτίκαι
851 2621 882 2680 et
901 2635 1025 2704 prorsus
1046 2614 1150 2710 eodem
1170 2614 1257 2684 modo
1355 2675 1357 2679 Α

181 2723 215 2766 rn
421 2743 430 2763 .
501 2720 509 2762 ε
617 2729 619 2737 ’

317 2776 410 2890 Tclpqo
431 2779 464 2846 δ’
488 2778 584 2856 rothe
605 2777 660 2844 tur
681 2776 832 2864 σφετέρας

0 2876 1 2887 ¹
165 2861 306 2950 Ἐστᾶθη
387 2889 451 2948 μας
471 2859 677 2965 ἇταρβάκτοιο
699 2859 893 2950 πειρώμενος.

84 2950 135 3018 De
161 2951 276 3018 duobus
341 2951 358 2966 ’¹
408 2949 483 3015 locis
509 2948 636 3014 Pmdari
665 2947 784 3039 Olymp.
809 2947 894 3014 XIII.
915 2945 959 3014 80
990 2951 1021 3012 ot
1044 2945 1131 3016 Nom.
1151 2947 1191 3018 V.
1211 2949 1255 3017 ³3

0 3034 5 3055 ¹
85 3036 299 3126 ambigi‘hcet,
319 3033 463 3122 quomodo
483 3035 545 3100 sint
565 3033 754 3122 explanandi.
784 3032 833 3098 Ea
852 3038 949 3098 autem
970 3030 1159 3116 documenta,
1180 3055 1254 3121 quac

44 3130 46 3134 ’
84 3120 261 3189 Dindorfius
284 3120 323 3186 ad
343 3119 543 3196 excusandum
563 3119 674 3184 hiatum
715 3117 832 3200 rotulit,
852 3117 929 3183 nihil
950 3117 1065 3184 valenis
1097 3140 1167 3186 nam
1186 3118 1254 3200 Au-¹

0 3208 5 3279 ¹
84 3205 199 3296 tiphani
226 3205 343 3292 quidem
364 3205 398 3290 (a
417 3253 426 3304 :
445 3203 635 3304 Athenaeum
701 3249 710 3268 .
750 3202 845 3270 2³8
862 3201 918 3288 E.)
946 3201 1060 3270 mediae
1085 3204 1253 3272 comoediae

0 3280 3 3311 ¹
84 3227 524 3442 uquqqqqc
542 3223 811 3439 sursulus
826 3286 974 3438 tour,

7 3462 28 3522 '.
104 3460 162 3527 uod
181 3399 605 3541 sahs¹¹hllec¹¹lxclslu¹lnis,
632 3479 698 3526 cum
723 3457 766 3524 ibi
785 3477 846 3522 vox
865 3397 1016 3548 paulisper
1035 3453 1191 3523 subsistat:
1221 3461 1254 3526 at

0 3544 1 3559 ¹
147 3546 260 3622 hilochi
282 3565 391 3618 ,versus
416 3545 494 3634 apud
520 3543 679 3610 Stobaeum
704 3541 771 3610 CX.
792 3542 854 3608 10:
895 3550 976 3608 rotor
1001 3537 1034 3606 δ’
1056 3535 1117 3642 ipio
1125 3533 1159 3696 ql
1179 3535 1253 3642 ξρος

0 3632 1 3653 ’
84 3629 134 3706 nel
153 3632 191 3701 oh
212 3631 289 3698 ahos
310 3651 415 3695 causas
435 3649 490 3716 pro
510 3635 646 3719 corrupto
667 3633 714 3696 est
731 3625 895 3699 habendus.
916 3625 1105 3716 Empedoeho
1145 3645 1251 3714 cunque

0 3728 1 3737 ’
85 3732 189 3784 uersus
211 3716 277 3782 158
297 3715 344 3780 etl.
365 3713 468 3782 Sturz:

163 3799 240 3878 Ὀξῢ
261 3797 292 3864 δ’
316 3797 365 3864 ἐπ’
389 3797 443 3876 ὄξε)
466 3794 533 3880 ἔβη,
553 3795 671 3883 θερμὸν
691 3793 725 3860 δ’
747 3790 905 3879 {nepesino
925 3798 1047 3882 θερμῷ.

2 3936 5 3948 ,
85 3881 118 3948 iu
136 3885 313 3974 philosopho
327 3889 396 3949 vato
415 3883 492 3950 ferri
510 3888 617 3973 potest,
639 3882 688 3970 qui
708 3886 883 3970 argumento
903 3880 1087 3971 potissimum
1106 3875 1248 3961 intentus,

0 3970 3 3995 ¹
86 3967 182 4040 ninus
209 3977 364 4036 externam
389 3967 517 4058 speciem
543 3973 637 4032 curat:
671 3989 772 4032 verum
802 3965 890 4032 lectio
919 3965 1000 4032 illius
1025 3981 1132 4028 versus
1157 3961 1247 4030 nimis

0 4056 1 4063 ’
87 4059 132 4120 est
151 4053 282 4136 incerta,
324 4075 389 4120 cnm
410 4052 488 4142 apud
506 4051 698 4120 Plutarchum
719 4050 859 4142 Sympos.
879 4045 1075 4128 Quaest-ll'.
1095 4050 1116 4114 1
1137 4067 1248 4136 magna

87 4129 244 4208 ssversitas
263 4139 440 4227 reperiatur.
1119 4211 1127 4230 ,

168 4221 278 4311 Magis
298 4230 395 4290 autem
420 4221 457 4291 ah
484 4218 650 4290 Atticorum
682 4219 892 4288 consuetudine
915 4217 1064 4284 abhorret
1088 4211 1149 4281 aha
1174 4233 1247 4298 nox,

1 4329 3 4334 ’
88 4323 144 4392 qun
161 4306 372 4376 Pherecratem
391 4307 425 4373 in
444 4307 503 4378 hac
521 4305 624 4375 fabula
644 4327 727 4372 usam
747 4321 815 4372 csse
836 4327 871 4373 ar
914 4305 937 4368 't
955 4300 1116 4368 Erotianus
1136 4319 1167 4388 p.
1186 4297 1245 4364 56:

0 4394 2 4411 ¹
84 4383 201 4480 ‘49qu
220 4387 336 4480 propp,
360 4395 495 4482 μικρῶς,
519 4389 563 4474 ὦς
581 4392 635 4464 tul
656 4387 848 4479 Φερεκράτης
889 4387 1158 4456 truncatura·
1200 4391 1250 4454 ost
