3096 5062
170 423 181 448 ,
285 367 351 436 2ίο
676 357 1080 432 COMMENTATIONES

373 528 440 600 Οόκ
460 537 516 615 τῆς
536 527 669 614 Νιόβης,
689 540 799 617 χωρεῖν
817 531 855 596 δέ
874 530 1021 644 πορθμόν
1039 531 1170 616 danucia,

370 619 474 684 Kuici'
490 619 524 684 δέ
545 619 656 699 Μοῖρα
677 613 797 699 νόχιος,
817 607 854 700 ἧς
875 622 974 682 κλυειν
992 615 1091 700 χρεών
1106 651 1149 668 a·

285 703 370 770 llaec
389 703 507 790 iuquam
528 701 778 802 dithyramhorom
799 709 886 792 poeta
911 703 1038 790 indigua
1067 709 1137 768 sunt
1156 721 1253 788 neque
1274 701 1448 768 conveniunt

285 789 335 872 iis,
355 807 429 874 qnae
450 785 487 853 de
508 789 572 852 eius
593 788 716 875 ingenio
739 789 775 852 ab
797 788 964 852 auctoribus
986 787 1045 852 lide
1056 787 1155 876 dignis
1176 787 1348 852 natantum
1368 807 1448 876 pror·

285 893 337 939 sus
363 882 459 938 antem
486 893 551 937 cnm
572 871 766 937 Atheniensis
794 869 956 938 Philoxeni
982 873 1112 938 modhus
1140 879 1334 960 congruunt,
1354 871 1395 936 ita
1419 881 1447 938 ut

283 957 461 1024 Mathonem
483 966 533 1022 aut
560 976 663 1022 errore
684 957 807 1042 quodam
829 966 943 1046 captum
971 967 1020 1021 aut
1042 957 1116 1022 alios
1138 964 1273 1022 auctores
1296 957 1446 1044 ambiguae

284 1042 355 1108 fidei
375 1050 505 1108 secutum
527 1042 617 1122 haec,
645 1063 720 1126 qnae
741 1040 920 1106 Atheniensi
941 1043 1080 1106 morienti
1101 1042 1285 1123 acciderant,
1307 1039 1446 1128 Cytherio

303 1137 389 1193 cetae
409 1127 673 1191 accommodavisse
694 1145 805 1211 suoque
824 1127 947 1214 iugenio
969 1145 1134 1192 exornasse
1156 1127 1333 1191 existimem.
1374 1127 1445 1192 Nam

282 1145 518 1298 duncEryxidis
540 1211 631 1275 filium
652 1231 706 1298 per
727 1231 841 1276 omnem
858 1212 944 1276 vitam
966 1211 1106 1299 galonem
1122 1209 1309 1312 maximeque
1329 1209 1445 1300 piscium

283 1295 472 1363 delicatorum
494 1295 610 1360 avidum
631 1295 726 1360 luisse
746 1316 806 1358 non
827 1295 921 1360 solum
942 1295 965 1359 ii
986 1303 1132 1379 ancoras,
1153 1297 1202 1382 qui
1223 1293 1307 1361 illuns
1322 1297 1392 1378 voti,
1411 1297 1444 1360 du

283 1397 340 1468 quo
370 1381 477 1445 dictum
503 1387 550 1444 est
575 1397 680 1482 supra,
708 1379 876 1444 memoriam
899 1389 1128 1462 conservarunt,
1156 1399 1258 1446 verum
1286 1383 1372 1446 etiam
1399 1381 1445 1446 slii

303 1471 438 1530 rechrea
457 1471 549 1530 testes
570 1473 643 1529 satas
664 1464 824 1553 locupletes
865 1466 1011 1547 erhihent,
1033 1473 1065 1530 ut
1074 1466 1254 1532 Plutarchus
1269 1468 1301 1530 in
1313 1465 1443 1576 Synaos.

281 1487 336 1620 le.
356 1549 394 1632 4,
415 1551 451 1614 2:
482 1548 604 1615 Οὐκοῦν
625 1551 674 1612 καί
697 1549 807 1633 ἀρετῆς
845 1568 917 1630 ψων
949 1551 1089 1640 (optimus
1110 1551 1215 1634 iudex)
1239 1547 1256 1616 ὅ
1279 1556 1444 1636 φιλοψότα-

281 1655 351 1710 τος·
386 1633 458 1698 οῧόέ
490 1629 549 1718 γὰρ
577 1631 756 1721 Πυθαγόρᾳ
782 1658 814 1717 γε
847 1630 966 1698 τούτων
997 1635 1069 1700 adol
1096 1631 1280 1719 Ξενοκράτει
1311 1639 1442 1720 διαιτητῇ

278 1719 443 1803 χρηστέον·
461 1715 643 1806 Ἀνταγόρᾳ
664 1719 697 1782 dd
718 1725 762 1804 τῷ
785 1725 894 1804 ποιητῇ
916 1722 965 1783 καί
982 1720 1137 1807 Φιλοξένῳ
1159 1727 1203 1810 τῷ
1222 1718 1378 1805 Ἐρύξιδος
1397 1725 1442 1785 καί

281 1811 325 1870 τοί
347 1800 498 1889 ζωγράφῳ
515 1801 727 1888 Ἀνδροκόδῃ.
749 1804 827 1868 idem
849 1805 886 1869 de
907 1805 1018 1870 occulte
1038 1807 1166 1870 vivendo
1187 1829 1212 1872 c.
1234 1808 1269 1872 1:
1294 1805 1376 1884 Τοὺς
1393 1806 1443 1885 μέν

280 1867 341 1976 yda
368 1891 435 1970 περὶ
466 1886 629 1964 Φιλόξενον
661 1888 714 1952 τόν
739 1886 897 1971 Ἐρόξιόος
923 1893 973 1952 καί
1001 1891 1033 1953 Γ
1030 1887 1157 1954 νόθωνα
1189 1889 1246 1956 τόν
1270 1888 1443 1972 Σικελιώτην

281 1975 487 2058 ἐπτοημένους
507 1976 574 2058 περί
595 1973 635 2037 τὰ
655 1971 722 2054 όψα
744 1975 882 2058 λέγουσιν
902 1973 1167 2056 ἐναπομύττεσθαι
1180 1985 1254 2052 ταῖς
1275 1979 1445 2061 παροψίσιν,

281 2058 364 2135 ότιως
390 2057 463 2135 τοὺς
489 2060 706 2134 συνεσθίοντας
732 2060 973 2141 διαστρέψαντες
995 2059 1081 2124 αότοί
1110 2061 1198 2139 μόνοι
1219 2068 1290 2126 τῶν
1310 2086 1445 2146 παρακει-

280 2146 379 2227 μένων
408 2145 640 2230 ἐμφορηθῶσιν.
683 2143 793 2211 Verum
828 2163 887 2208 non
914 2145 1009 2210 solum
1037 2145 1146 2211 Macho
1172 2148 1203 2210 in
1230 2147 1295 2213 hoc
1319 2155 1444 2214 versatus

280 2237 328 2295 est
348 2231 466 2310 errore,
494 2229 547 2294 sed
574 2230 660 2293 etiam
682 2229 733 2292 alii
754 2249 815 2292 non
841 2231 942 2317 pauci,
970 2231 1012 2293 nti
1034 2229 1175 2310 Sontes,
1203 2233 1270 2297 vid.
1292 2253 1365 2320 qnae
1380 2231 1443 2297 Ma·

281 2315 385 2378 chouis
410 2314 546 2378 versibus
574 2313 699 2378 subiecit
719 2313 894 2378 Athenaeus
914 2311 997 2381 vill.
1018 2333 1048 2402 p.
1069 2249 1128 2380 ίίί
1154 2315 1200 2380 Ει
1234 2317 1321 2404 Περί
1342 2319 1375 2383 δέ
1393 2320 1443 2382 rori

284 2399 449 2475 Φιλοξένου
471 2401 521 2461 καί
544 2394 560 2460 ὅ
582 2397 726 2483 παρῳδός
735 2394 914 2479 ,Σώπατρος
935 2400 1029 2480 λέγων
1051 2401 1141 2483 φησί·

365 2484 499 2558 Δισσαΐς
522 2482 581 2566 γὰρ
603 2485 635 2546 έν
655 2482 796 2563 μέσαισιν
817 2480 935 2563 ἰχθύων
956 2492 1068 2568 φοραῖς

359 2559 471 2632 ‘Hom
492 2566 546 2632 τὸν
566 2568 684 2649 Αἴτνης
705 2567 737 2642 ές
755 2569 850 2648 μέσον
874 2564 1009 2632 ladonam
1028 2563 1154 2632 σκοπόν.

280 2669 357 2742 qnae
376 2655 433 2718 etsi
453 2653 579 2718 obscura
600 2661 683 2733 sunt,
706 2660 803 2716 tamen
819 2661 956 2738 quantum
970 2653 1084 2802 {uidem
1107 2673 1146 2718 cx
1159 2653 1282 2718 Aetnae
1303 2655 1441 2720 mentione
1509 2631 1510 2714 l

228 2759 230 2765 ’
280 2739 427 2806 coniicerc
445 2757 619 2828 possumus,
641 2737 678 2801 de
700 2733 844 2823 Cytherio
866 2749 952 2825 poeta

280 2819 327 2892 dis
348 2824 410 2890 filio
431 2823 527 2912 potins
553 2821 738 2887 conveniant.
780 2821 917 2887 Pessime
943 2831 1038 2887 autam
1065 2825 1234 2914 pertuuhata
1264 2833 1347 2907 snat,
1373 2844 1440 2911 quae
1509 2871 1510 2895 ,

278 2909 452 2976 Athenaeus
473 2907 498 2975 1.
520 2909 584 2996 plo
604 2915 635 2971 et
655 2907 677 2972 6
698 2906 734 2970 de
746 2906 905 2971 Philoxeni
927 2908 1086 2972 voracitate
1107 2909 1236 2990 tradidit,
1262 2911 1311 2995 qni
1332 2910 1439 2994 quidun

279 3011 398 3094 macres
419 3009 600 3091 nequaquam
622 2993 666 3072 ei,
688 2992 737 3075 qui
757 2993 902 3078 epitomen
925 2993 1064 3092 coalent,
1086 3013 1188 3096 verum
1209 2996 1271 3081 ipsi
1291 2995 1439 3095 Aduenaeo

278 3077 1245 3250 ffllltttlldl‘altsstlllnlltllulllllltf
1269 3081 1439 3249 alell:

278 3248 381 3336 cippus
406 3245 522 3332 quidum
547 3243 585 3310 de
612 3241 756 3332 Eryxidis
787 3245 848 3310 lilio
875 3245 987 3311 locutos
1013 3267 1081 3313 esse
1107 3247 1240 3331 ridetur,
1275 3265 1438 3336 quamquam
1508 3269 1509 3272 ¹

994 2739 1051 2802 icta
1072 2737 1225 2820 videnlur,
1247 2759 1315 2806 cum
1336 2735 1440 2826 Eryxi-

155 3339 159 3350 '
279 3347 433 3418 quemnam
460 3329 642 3395 intellexerit
674 3347 734 3394 non
762 3331 836 3394 satis
862 3330 971 3417 liquido
998 3331 1127 3398 discerni
1158 3341 1274 3422 potest,
1316 3333 1438 3420 quaudo

277 3415 395 3504 quidem
416 3413 500 3480 diclt:
528 3413 607 3498 ’eya
627 3416 745 3496 κατέχω
764 3414 832 3478 τινὰ
855 3413 1018 3501 ὀψοφάγον
1038 3451 1080 3468 -
1100 3437 1228 3484 nameus
1254 3419 1337 3484 iilum
1359 3418 1439 3518 gulo·

278 3523 345 3568 uem
368 3500 478 3589 digitos
498 3508 585 3586 atque
605 3520 640 3564 os
660 3499 756 3565 ualida
776 3521 851 3586 aqna
871 3501 1036 3584 duravisse,
1057 3509 1090 3568 ut
1105 3504 1186 3568 cibos
1207 3503 1437 3570 ferventissimos

277 3593 381 3679 posset
401 3583 555 3650 comedere
594 3585 657 3650 rius
684 3607 769 3671 quam
796 3585 886 3650 ceteri
911 3587 1053 3652 convivas
1074 3594 1199 3676 nagera
1220 3589 1378 3656 auderent:
1410 3585 1438 3651 id

277 3671 355 3823 φαντί
376 3671 498 3760 prohsus
523 3606 651 3734 sordidis
672 3661 758 3734 huius
784 3669 912 3742 hominis
939 3673 1069 3739 morlhus
1096 3673 1252 3754 convenit3
1282 3673 1348 3740 vide
1368 3690 1437 3758 quau

306 3756 456 3824 lutarchus
473 3774 508 3819 eo
528 3754 593 3819 loco
614 3769 698 3840 quent
720 3755 806 3820 alodo
826 3755 890 3820 dixi
910 3758 1052 3823 amavit
1072 3758 1142 3848 lpse
1162 3767 1257 3824 auum
1269 3757 1438 3824 Athenaeus

278 3851 390 3908 temere
410 3840 449 3906 ad
465 3837 639 3926 Cytherinm
660 3839 776 3922 rendit,
797 3841 950 3930 subiungit
971 3844 1064 3908 caim:
1089 3841 1179 3907 Taid'
1201 3841 1280 3908 aare
1299 3843 1353 3906 nal
1375 3839 1437 3922 ιιιρί

277 3932 335 3993 ‘cod
356 3926 522 4009 Κυθηρίου
546 3925 710 4000 Φιλοξένου
732 3926 915 4006 ἱστοροῦσιν.
938 3926 989 3992 Ex
1010 3927 1172 4011 clearcho,
1195 3929 1314 3994 hominu
1336 3926 1438 3992 lmus·

278 4013 370 4094 simo,
396 4009 485 4076 aliam
505 4011 751 4075 narratiunculam
779 4012 860 4076 addit
881 4011 1055 4077 Athenaeus
1082 4035 1110 4102 p.
1130 4015 1152 4078 6
1174 4013 1220 4096 A,
1248 4029 1349 4080 verum
1376 4029 1436 4076 ean

278 4117 375 4246 περιτο
395 4095 432 4160 ad
455 4093 627 4196 Cytherinm
656 4109 757 4196 neque·
779 4097 816 4161 ad
838 4092 1051 4198 Atheniensem
1078 4099 1273 4164 revocandum
1303 4097 1436 4172 arbitror,

280 4180 392 4334 lull
410 4181 760 4364 tlltllllllatl
768 4181 1436 4349 sltllttthllttltlt’lthlt

278 4371 386 4420 uacum
405 4347 459 4418 vl.
492 4348 575 4414 ,241
589 4341 627 4414 Ε.
647 4358 678 4415 et
697 4351 832 4438 ruprimis
854 4371 927 4436 quae
948 4369 977 4439 ρ.
991 4353 1054 4417 249
1069 4349 1106 4418 Β.
1127 4373 1168 4418 ex
1188 4353 1219 4417 L
1233 4371 1316 4418 ⁷rucco
1335 4348 1435 4425 refert,

277 4441 358 4506 item·
379 4455 409 4524 ρ.
430 4370 494 4499 nd
514 4433 554 4498 A.
587 4441 618 4498 et
642 4429 821 4502 Axioulcnm
853 4437 991 4502 comicum
1017 4445 1133 4526 φοοίωιι
1171 4375 1241 4504 ihid.
1268 4457 1296 4526 ρ.
1317 4431 1380 4499 939
1398 4428 1433 4493 F·
