3052 5060
369 313 430 382 ult
450 311 593 392 RELIQ.
613 308 801 380 comeum.
821 309 928 382 Aur.
947 311 1094 392 AN'l'lQ,
1250 329 1316 404 m

145 489 246 554 tomen
276 481 435 550 memoriae
465 478 595 571 prodidit
624 475 768 546 mannes
798 477 948 546 comoedia
972 479 1202 578 Aristophanem
1229 515 1314 568 nam

145 591 215 636 esse
236 571 269 634 iu
289 565 622 716 Thesmophoriaeusiac
639 563 762 664 1ἰλαηααΙ
773 573 980 716 αρροεελαουι
999 569 1056 636 hac
1076 578 1217 647 memoria
1236 603 1314 651 com.

143 654 313 822 illidii
328 648 800 822 itti-ltettltttltt
820 647 1315 840 vltlttdltttttlz'tttt

143 823 376 913 Aristophanem
404 819 565 911 Euripides
589 817 775 884 Mnesilocho
808 819 978 887 muliebrem
1005 823 1114 896 cultum
1139 829 1263 901 induem
1284 845 1315 903 et

142 909 228 974 illum
251 907 288 972 ad
308 908 485 972 seminarum
506 904 632 1056 speciem
660 901 755 984 leuem
776 904 902 970 reddere
923 905 1035 974 studet:

229 993 296 1056 Er.
333 987 401 1076 Ἄγε
422 995 491 1068 νῦν,
533 987 620 1070 πειδὴ
641 986 756 1054 σαυτδν
775 988 918 1066 ἐπιδίδως
936 991 1015 1072 δμοί,

222 1073 377 1144 Ἀπόδυθι
397 1077 482 1143 τουτί
503 1069 677 1154 θοίμάτιον.
721 1075 805 1139 ΜΝ.
847 1075 913 1138 Kal
944 1073 982 1160 δὴ
1002 1079 1112 1162 χαμαί.

225 1160 317 1245 Ἀτάρ
338 1161 371 1225 τί
387 1159 507 1244 μίλλεις
528 1161 606 1244 δρᾶν
624 1156 684 1241 μ’,·
725 1159 792 1224 ΕΥ.
828 1155 1005 1248 Ἅποξυρεῖν
1024 1165 1106 1243 ταδί,

231 1245 283 1310 Τά
302 1243 386 1310 κάτω
406 1244 440 1309 δ’
464 1240 597 1330 ἀφεύειν.
959 1283 962 1301 .

143 1329 233 1396 Hauc
258 1331 352 1418 igitur
377 1329 559 1418 potissimum
587 1327 748 1416 imaginem
769 1326 987 1418 Aristophanes
1008 1331 1158 1399 transtulit
1177 1357 1216 1401 ex
1238 1335 1313 1406 Cra.

143 1417 199 1480 tini
219 1415 456 1515 Empipremenis
476 1414 541 1479 sive
560 1412 676 1480 Idaeisc
708 1433 777 1478 nem
798 1411 871 1480 illud
892 1414 1008 1500 quidem
1031 1418 1082 1483 vix
1103 1419 1230 1488 oehieri
1250 1433 1314 1513 pot-

144 1509 201 1584 est,
223 1521 273 1587 qur
293 1499 522 1599 unaeedenpque
543 1497 646 1562 labulu
666 1497 766 1578 fuerit,
786 1498 930 1587 iuscripta
945 1499 998 1566 ille
1009 1501 1136 1588 quidem,
1156 1512 1189 1570 ut
1210 1529 1313 1599 seope-
1418 1513 1422 1522 '

142 1606 266 1650 numero
286 1586 395 1650 lectum
417 1583 488 1648 alurs'
505 1603 617 1682 quoque
637 1583 669 1647 iu
691 1583 865 1664 comoediis,
887 1585 999 1650 duobus
1020 1589 1187 1658 nominihus
1203 1589 1314 1676 Ἐμπι.

143 1667 292 1756 πράμενοι
313 1668 332 1751 ἢ
351 1667 476 1748 Ἰδαῖοια
512 1675 543 1733 et
562 1667 639 1732 ldem
668 1667 770 1732 statuit
795 1669 883 1734 etiam
903 1669 1079 1737 Diudorfius
1100 1673 1138 1740 cd
1158 1673 1312 1768 Aristoph.
1448 1730 1451 1738 .

142 1753 267 1855 Frogm.
278 1777 307 1844 p.
321 1752 372 1821 94.
415 1753 456 1818 Et
476 1753 581 1818 Idaeos
604 1751 719 1837 quidem
741 1749 881 1817 Crehnu's
902 1753 980 1818 hunc
999 1755 1130 1823 lehulam
1150 1760 1312 1852 inscripsit,

162 1861 280 1912 uoniam
299 1840 331 1904 in
354 1860 390 1906 ee
410 1839 518 1904 cultum
539 1844 570 1901 et
589 1836 765 1923 religionem
786 1858 914 1925 maguae
934 1839 1055 1923 mamis,
1089 1863 1163 1926 quse
1184 1851 1253 1912 tunc
1274 1851 1311 1914 eh

141 1861 376 1990 ltheniensihus
398 1931 463 1988 erat
483 1929 617 2011 recepte,
649 1941 687 1986 ex
731 1921 805 1986 'tare
832 1931 921 1988 eusus
949 1931 1022 1989 eret
1064 1923 1115 1990 De
1141 1926 1189 1994 his
1216 1933 1311 1998 sacrm

142 2008 251 2076 Strabo
278 2007 317 2076 X.
338 2010 369 2074 3.
396 2029 426 2096 p.
451 2005 516 2074 364
542 2005 589 2072 ed.
625 2003 712 2070 Teuc
734 2027 763 2070 n.
800 2003 961 2089 'ddpvotoc
989 2005 1021 2072 δ’
1048 2005 1151 2098 ὥσπερ
1177 2017 1245 2098 περλ
1272 2017 1312 2081 τὰ
1359 2071 1360 2074 ,

141 2092 221 2158 ἄλλα
234 2096 459 2180 φιλοξενοῦντες
475 2093 674 2168 διατελοῦσιν,
696 2086 777 2158 οὕτω
797 2091 848 2156 καλ
870 2093 938 2178 περλ
958 2092 1030 2170 τούς
1050 2093 1156 2175 θεούς.
1196 2101 1316 2169 Πολλο-

141 2178 200 2264 γάρ
222 2183 284 2244 τῶν
305 2183 426 2256 ξενικῶν
447 2177 535 2264 ἱερῶν
556 2175 777 2262 παρεδόξαντο,
800 2172 877 2242 ὥστε
898 2179 949 2242 καί
970 2177 1120 2268 ἓκοιμρνδή
1167 2207 1239 2252 σον·
1260 2190 1312 2252 καλ

141 2262 180 2348 δὴ
203 2267 256 2328 καί
277 2262 315 2327 τά
340 2260 464 2352 Θρᾴκια
486 2264 536 2326 καί
558 2259 599 2326 τά
622 2257 760 2346 Φρύγια·
781 2265 843 2326 τῶν
862 2261 919 2343 μὲν
938 2262 997 2348 γάρ
1019 2265 1200 2334 Βενδιδειον
1220 2267 1313 2336 Πλά..

140 2373 203 2414 των
222 2348 388 2432 μέμνηται,
409 2352 472 2414 τῶν
499 2347 533 2412 δὲ
556 2346 699 2432 Φρυγίων
719 2347 942 2432 Δημοσθένης,
977 2346 1154 2430 διαβάλλων
1172 2349 1229 2438 τὴν
1246 2359 1312 2422 At-

140 2436 246 2518 σχίνου
266 2432 386 2520 μητέρα
407 2434 458 2496 καλ
480 2427 590 2510 αὐτόν,
626 2427 668 2508 ὡς
688 2430 818 2518 τελούση
838 2437 876 2518 τῇ
897 2436 991 2520 μητρὶ
1012 2434 1144 2504 συνόντα
1165 2441 1216 2504 καλ
1237 2466 1311 2508 συν-

140 2515 329 2584 θιασεύοντα
356 2513 501 2594 πολλάκις
527 2519 578 2582 καί
606 2513 864 2604 ἔπιφδεγγάμενον
890 2516 960 2582 edei
979 2525 1088 2601 σαβοῖ,
1127 2519 1185 2608 άης
1216 2521 1310 2612 άττης

140 2606 192 2670 καλ
210 2600 304 2687 άττης
324 2599 397 2686 ύης·
418 2608 517 2667 ταῦτα
536 2599 596 2687 γάρ
617 2603 681 2666 ἐστι
702 2599 843 2682 Σαβάζια
865 2605 916 2666 καί
938 2605 1095 2692 Μητρῷα.

224 2688 308 2754 Ιδοοί
335 2697 447 2770 eutem,
485 2708 541 2772 quo
563 2687 681 2750 nomino
713 2685 854 2752 Cratinus
880 2687 1011 2756 fabulam
1037 2692 1129 2758 iuscri
1149 2691 1204 2776 sit,
1239 2702 1310 2760 suut

139 2773 263 2862 Dactyli
283 2773 343 2857 illi,
373 2772 526 2863 praesules
553 2778 584 2836 et
603 2769 732 2836 ministri
752 2771 855 2836 metris
877 2771 1013 2840 deorum:
1047 2713 1188 2866 Apolllsn.
1208 2775 1307 2847 Rhod.

140 2857 165 2926 l.
189 2861 305 3026 111²&r
306 2942 361 3027 {pcc
383 2940 556 3023 Δινδυμγη,
575 2933 781 3004 πολυπότνιαν
801 2937 1005 3023 ἀγκαλέοντες,

220 3026 372 3092 Ἔνναίτιν
396 3027 546 3111 Φρυγίης,
570 3025 677 3108 Τιτίην
697 3023 735 3088 e'
759 3020 825 3106 ἅμα
845 3023 1007 3109 Κύλληνόν
1026 3051 1068 3109 τε,

229 3113 273 3178 O‘d
288 3117 397 3193 μοῦνοι
419 3116 540 3176 πολλῶν
559 3108 738 3195 μοιραγίται
759 3108 815 3193 η’δὲ
835 3105 981 3198 πάρεδροι
1069 3175 1073 3186 ,

223 3197 372 3280 Μητέρος
388 3197 502 3278 Ἰδαίης
522 3190 700 3278 κεκλήαται,
733 3190 820 3260 ὅσσοι
841 3193 926 3261 ’δοσιν

224 3278 382 3347 Δάκτυλοι
399 3281 505 3346 Ἰδαῖοι
527 3281 712 3364 Κρηταιέες,
745 3276 799 3358 ούς
819 3305 891 3346 ποτε
913 3277 1018 3369 νύμφη

220 3363 362 3451 Ἀγχιάλη
384 3368 533 3432 Δικταῖον
553 3364 612 3431 ἀνά
633 3366 726 3441 σπέος
746 3363 954 3454 άμφοτίρησιν

224 3451 411 3536 Δραξομόνη
432 3453 520 3537 γαίης
544 3451 687 3528 Οἰαξίδος
707 3447 901 3535 ἐβλάστησεν.

140 3536 199 3612 dui
244 3538 341 3604 uidem
367 3537 522 3602 ldeeorum
549 3537 696 3624 originem
724 3558 764 3602 ex
790 3535 883 3602 Creta
909 3537 1031 3626 repetit:
1074 3537 1215 3639 Phrygia
1234 3559 1306 3604 vero

140 3559 280 3692 oriundos
302 3645 370 3690 csse
391 3629 493 3688 auctor
512 3621 799 3770 ¹³¹¹⁰f⁰¹¹ilg⁸3³l³¹¹¹l
816 3619 1012 3690 Scholiastem
1032 3619 1186 3713 Apulum
1206 3623 1304 3689 docet:

679 3732 696 3770 ν
723 3731 744 3769 α
783 3731 798 3772 ο
838 3731 851 3770 ε

221 3791 327 3858 Ἰδαῖοι
351 3787 470 3877 Φρύγες
490 3789 598 3878 άνδρες
619 3732 782 3878 ὄρίοτερού
794 3731 869 3858 αηάιίξ
891 3787 999 3871 ἔναιον,

223 3878 354 3959 Κίλμις,
375 3873 597 3958 Δαμναμενεύς
617 3901 649 3943 τε
667 3877 764 3959 μάγος
784 3879 834 3940 καί
856 3871 1001 3962 ύπόρβιος
1014 3874 1159 3960 ’Ἁκμευη

223 3960 408 4043 Εύπάλαμοι
428 3959 615 4048 θεράποντες
635 3961 735 4047 ὀρείης
751 3961 967 4047 Ἀδρηστείης.

140 4044 181 4110 Et
201 4047 267 4135 ipsa
286 4047 402 4132 quidem
422 4047 511 4114 Rhea
535 4055 629 4114 matre
657 4067 728 4112 usos
750 4068 817 4110 esse
837 4047 983 4134 Dactylos
1010 4047 1136 4112 Nounus
1156 4043 1240 4116 XIV.
1261 4045 1303 4114 25

140 4133 257 4197 asserit.
300 4130 448 4201 Οοολοταε
470 4133 506 4198 de
526 4133 574 4198 his
596 4131 773 4198 Strabonem
788 4131 827 4196 X.
848 4135 879 4198 3.
900 4155 928 4222 p.
949 4134 1028 4200 367:
1070 4127 1301 4208 Δακτύλουςδ

135 4215 268 4290 ’Ἰδαίους
292 4218 372 4301 φασί
395 4241 473 4292 τινες
498 4221 666 4299 κεκλῆσθαι
692 4213 766 4292 τοδς
791 4214 930 4301 πρώτους
956 4213 1118 4303 οἰκήτορας
1142 4223 1198 4300 τῆς
1225 4213 1304 4281 κατά

139 4299 197 4383 τὴν
210 4297 294 4382 Ἰδην
313 4296 482 4386 ύπιορείαςς
513 4307 543 4368 et
568 4302 650 4367 infre
675 4299 822 4391 Sophocle
849 4309 966 4367 auctore
994 4301 1031 4368 de
1057 4324 1180 4368 numero
1201 4322 1302 4367 eorum

140 4383 278 4454 disserit:
319 4387 484 4472 Σοφοκλῆς
504 4387 538 4454 δὲ
558 4386 665 4467 οἴεται,
698 4387 785 4454 πέντε
815 4385 888 4464 τούς
913 4383 1053 4474 πρώτους
1073 4385 1203 4477 άρσενας
1221 4383 1302 4472 γενό-
