3018 5064
233 294 279 364 oo
626 290 1031 364 COMMENTATIONES

232 465 346 550 φοκλεΐ
359 465 404 550 τῷ
425 467 536 548 ποιητῇ
558 463 590 528 ἓν
611 461 682 552 Χίῳ
704 460 894 547 συνήντησα,
928 461 977 530 ὅτε
999 463 1080 530 ἔπλει
1102 465 1144 542 εἰς
1164 464 1294 547 Λέσβον
1315 487 1410 551 στρα-
1505 469 1506 512 ³

232 544 339 633 πηγός,
375 551 464 634 ἀνδρὶ
492 541 650 612 παιδιώδει
677 548 754 634 παρ’
784 545 865 614 οἶνον
886 552 938 612 καὶ
960 552 1064 634 δεξιῷ,
1097 557 1128 616 et
1148 551 1255 616 deinde
1276 553 1413 618 extrema

232 634 404 700 narratione
424 634 503 700 idem
524 633 615 698 tradit
635 631 812 722 Sophoclem
834 633 964 701 dixisse:
1007 637 1153 714 Μελετῶ,
1176 633 1252 713 εἷπε,
1275 661 1413 722 στρατη-

231 727 308 805 γεῒν,
334 713 502 805 derepe-
536 715 638 800 ἐπειδή
659 743 715 805 περ
739 721 891 806 Περικλῆς
912 727 1007 784 ποιεῖν
1027 721 1083 801 μὲν
1104 721 1158 802 ἐμὲ
1183 719 1253 810 ἔφη,
1275 747 1416 810 στρατη·
1505 779 1506 788 ,

234 813 296 890 γεῖν
322 802 354 868 δ’
384 805 440 868 οὐκ
470 804 674 868 ἐπίστασθαι·
712 795 764 886 ἆρ’
790 795 844 869 οὖν
866 803 902 868 οὗ
930 803 1002 868 κατ’
1028 802 1127 891 ὀρθόν
1140 832 1195 886 μοι
1216 806 1354 872 πέπτωκε
1376 805 1414 872 τὸ
1505 823 1506 874 1

235 884 436 973 στρατήγημα
443 915 455 970 ,·
500 893 641 952 Τοιαῦτα
668 887 768 952 πολλὰ
794 891 899 966 δεξιῶς
927 887 1010 974 ἔλεγέ
1033 915 1065 954 τε
1091 893 1142 954 καὶ
1164 890 1329 976 ἔπρησσεν,
1364 890 1417 958 ὅτε

235 975 314 1038 πίνοι
336 973 355 1054 ἢ
378 975 494 1052 παίζοι·
527 973 567 1037 τοὶ
593 971 697 1052 μέντοι
724 973 865 1038 πολιτικὰ
887 972 956 1039 ον’ίτε
978 1000 1015 1040 σο
1044 973 1084 1050 ὃς
1099 973 1168 1040 orire
1187 975 1344 1062 ῥεκτήριος
1365 972 1414 1060 ήν,

235 1057 305 1122 ἀλλ’
330 1055 372 1134 ὡς
393 1057 432 1122 dir
452 1083 498 1132 τις
509 1053 551 1134 εἷς
562 1063 624 1122 τῶν
630 1058 979 1142 χρηστῶνἈδηναίοιν.
1004 1001 1196 1148 ιῧοιιοίίίανὶλ
1208 1071 1305 1127 autem
1316 1061 1416 1128 Athe·
1505 1109 1506 1114 κ

235 1145 390 1210 aiensibus
422 1143 564 1208 auxilium
591 1141 734 1208 Chiorum
762 1151 792 1208 et
817 1144 1014 1227 Lesbiorum,
1056 1147 1105 1230 qui
1138 1146 1247 1234 viginti
1284 1147 1415 1255 ‹puinque
1505 1145 1506 1172 ¹

235 1251 328 1294 naves
350 1230 508 1294 miserunt:
529 1227 589 1292 vid.
612 1227 752 1315 Thucyd.
768 1227 838 1294 ibid.
880 1226 1029 1312 Ὕστερον
1050 1231 1085 1295 δέ
1106 1230 1211 1307 αὐτοῖς
1232 1233 1418 1315 ἕβοηθησαν
1505 1263 1506 1268 ’

235 1317 269 1381 ἐκ
295 1319 358 1378 τῶν
381 1313 524 1397 Ἀθηνῶν
549 1317 617 1395 κήες
642 1309 870 1400 τεσσαράκοντα
897 1315 949 1378 καί
969 1315 1059 1380 Χίων
1084 1319 1135 1380 καὶ
1156 1319 1304 1399 Λεσβίων
1325 1317 1416 1381 πέντε

236 1400 288 1464 καὶ
309 1398 403 1464 εἴκοσι
425 1401 476 1462 καὶ
498 1394 670 1478 ἀποβάντες
690 1400 741 1462 καὶ
763 1405 947 1484 κρατοῦντες
967 1407 1011 1486 τῷ
1024 1402 1103 1489 πεζῷ
1120 1399 1319 1488 ἐπολιόρκουν
1330 1405 1415 1488 τρισὶ

235 1485 344 1566 τείχεσι
365 1484 421 1566 τήν
442 1479 530 1548 πόλιν
551 1485 602 1547 καὶ
624 1485 656 1548 ἔκ
667 1479 832 1568 θαλάσσης
853 1482 931 1564 ἅμα.
973 1486 1015 1550 Et
1036 1509 1053 1552 o
1074 1487 1173 1552 eribus
1195 1489 1242 1552 his
1265 1488 1415 1553 faciendis

235 1567 399 1658 Sophocles
426 1590 538 1655 quoque
560 1591 625 1634 cum
652 1567 777 1656 collegis
798 1571 944 1658 praefuit,
967 1571 1024 1636 vid.
1047 1509 1414 1662 derationastis:

234 1657 424 1738 Πέμψαντες
446 1653 618 1740 στρατηγὸν
637 1653 792 1737 Περικλέα
814 1657 864 1718 καί
886 1654 943 1718 σὺν
964 1656 1049 1744 αὐτῷ
1061 1658 1225 1742 Σοφοκλέα
1245 1657 1300 1724 τὸν
1320 1683 1415 1742 ποιη-

234 1741 290 1824 τήν
311 1739 471 1828 πολιορκίη
491 1744 592 1814 κακῶς
613 1739 764 1821 διέθηκαν
783 1735 991 1818 ἀπειθοῦντας
1000 1741 1073 1818 τούς
1085 1744 1235 1822 Σαμίους.
1274 1744 1338 1809 Iam
1351 1743 1417 1808 Pe-

234 1826 324 1892 ricles
345 1831 429 1914 parte
450 1825 598 1913 copiarum
609 1823 713 1888 relicta
726 1847 790 1890 cum
807 1827 968 1914 sexaginta
988 1828 1114 1892 navibus
1126 1827 1308 1894 Phoeniciae
1321 1829 1415 1895 classi

235 1912 352 1976 obviam
372 1911 521 2000 profectus
543 1920 603 1974 est:
624 1909 742 1974 interim
765 1907 861 1974 Samii
881 1913 1007 1994 obsessi,
1030 1913 1183 2002 eruptione
1203 1914 1293 1996 facta,
1315 1912 1415 1980 Athe-

235 1997 356 2061 nienses
378 2016 451 2060 neco
472 1997 553 2060 inato
575 1995 795 2083 aggrediuntur
821 2017 929 2083 eosque
957 1999 1095 2080 vincunt,
1135 2005 1166 2062 et
1191 1999 1414 2098 quatuordecim

236 2081 300 2147 dies
330 2081 406 2146 mari
430 2017 524 2145 libero
550 2085 682 2144 utuntur.
730 2078 866 2146 Pericles
893 2103 966 2146 vero
992 2083 1079 2147 huius
1107 2083 1280 2148 calamitatis
1302 2085 1414 2150 certior

235 2257 283 2317 sta
304 2258 373 2316 sunt
393 2252 487 2315 tn'bus
509 2249 574 2316 fere
595 2250 763 2332 mensibus,
794 2250 1013 2338 Munychione,
1040 2253 1264 2340 Thargelione,
1292 2239 1412 2319 Schra-

233 2337 389 2427 phorione.
428 2335 553 2400 Interim
580 2335 715 2400 Pericles
736 2333 866 2401 Athenis
888 2337 996 2401 absens
1019 2336 1115 2402 denuo
1135 2345 1255 2425 praetor
1276 2339 1411 2426 eligitur,

233 2423 362 2508 novique
382 2425 536 2510 praetores
557 2420 770 2508 Thucydides,
798 2420 925 2522 Hagno,
962 2423 1053 2486 ceteri
1077 2424 1163 2488 initio
1187 2423 1258 2488 anni
1287 2423 1411 2490 Samum

234 2507 427 2616 perveniunt,
469 2503 632 2606 Sophocles
670 2527 735 2570 cum
760 2505 885 2656 coheprs
917 2506 1055 2573 Athenas
1081 2509 1257 2574 revertitur:
1301 2509 1411 2574 deiude

235 2593 319 2660 sami
332 2592 412 2656 urbis
431 2591 545 2656 obsidio
559 2591 755 2673 continuatur,
777 2598 807 2655 et
849 2593 940 2658 ecimo
955 2593 1069 2658 demum
1080 2616 1183 2660 mense
1204 2601 1409 2682 expugnatur:

234 2678 345 2748 sactum
365 2677 459 2765 igitur
469 2677 526 2741 hoc
547 2681 594 2740 est
609 2675 737 2774 ,Olymp
763 2674 923 2748 LXXXV.
944 2699 1022 2743 auno
1044 2680 1063 2744 1
1085 2681 1151 2746 fere
1173 2685 1316 2762 extremo,
1340 2679 1411 2744 Mo-

234 2762 359 2850 rychide
370 2763 519 2827 archonte.
550 2759 613 2826 lam
635 2782 675 2826 ex
694 2761 742 2826 hrs
765 2763 978 2828 consectarium
996 2770 1042 2828 est
1052 2763 1237 2865 Antigonam
1251 2763 1411 2852 Sophoclis

237 2849 354 2936 Olymp.
366 2845 540 2916 LXXXIV.
561 2847 591 2912 3.
613 2845 711 2914 datam
728 2853 818 2912 esse:
840 2847 896 2916 sed
915 2850 991 2914 baec
1011 2859 1175 2916 accuratus
1195 2850 1335 2941 persequi
1349 2871 1410 2915 uon

237 2945 284 2999 est
303 2933 391 2998 huius
412 2932 552 2998 instituti:
573 2929 645 2996 illuc
664 2939 810 2998 revertar.
820 2934 850 3020 ί)

322 3018 525 3106 Thucydides
542 3017 653 3116 igitur,
685 3017 713 3082 si
734 3018 852 3108 Olymp.
877 3015 1036 3088 LXXXV.
1058 3020 1093 3086 1:
1109 3020 1166 3084 fuit
1190 3027 1324 3108 praetor,
1347 3041 1410 3086 non

237 3104 280 3169 ita
296 3102 390 3174 multo
411 3108 479 3191 post
499 3102 621 3166 exihum
641 3103 675 3166 in
716 3104 820 3168 atnam
840 3104 993 3168 restitutus
1014 3111 1076 3170 est:
1098 3105 1215 3170 videtur
1236 3111 1332 3170 autem
1344 3105 1410 3188 ille,

238 3209 324 3274 quem
343 3189 403 3252 iam
416 3187 503 3272 Olym
526 3234 533 3250 .
546 3185 664 3250 LXXX
714 3191 765 3254 .3.
791 3187 924 3275 Sybarin
935 3210 968 3252 se
981 3189 1141 3256 contulisse
1151 3191 1217 3254 veri
1228 3190 1409 3256 simillimum

238 3279 295 3354 est,
317 3293 378 3336 non
399 3278 467 3336 ante
517 3271 606 3371 lymp.
625 3270 798 3342 LXXXIV.
821 3275 849 3338 1.
871 3279 901 3337 et
920 3273 954 3336 in
974 3273 1021 3338 ius
1042 3281 1163 3340 vocatus
1185 3282 1214 3340 et
1235 3277 1409 3341 testularum

238 3357 386 3444 suffragio
400 3356 546 3420 ecivitate
558 3363 668 3420 erectus
684 3379 767 3422 esse:
798 3357 977 3423 Plutarchus
990 3359 1067 3424 enim
1081 3360 1152 3424 dicit
1163 3359 1195 3424 in
1207 3362 1269 3426 vita
1279 3361 1410 3426 Periclis

238 3466 266 3510 c.
278 3443 333 3508 lb:
356 3441 450 3506 Μετὰ
471 3441 505 3505 δὲ
524 3440 581 3524 τήν
594 3441 786 3506 Θουκυδίδου
798 3439 964 3508 κατάλυσιν
984 3447 1035 3507 καί
1056 3443 1109 3508 τὸν
1131 3443 1338 3532 ὀστρακισμὸν
1352 3445 1410 3510 οὐκ

238 3523 355 3593 ἐλάττω
374 3533 437 3590 τῶν
458 3528 669 3591 πεντεκαίδεκα
689 3529 765 3592 ἐτῶν
786 3524 927 3616 διήνεγκε.
971 3523 1069 3594 Credo
1089 3531 1183 3619 igitur
1198 3529 1410 3618 Thucydidem

236 3610 401 3678 Praxitelis
424 3633 502 3677 anuo
523 3613 556 3677 in
578 3613 699 3678 exilium
721 3635 788 3678 esse
809 3614 948 3694 eiectum3
968 3615 1117 3680 Periclem
1137 3637 1209 3683 vero
1225 3639 1289 3680 cum
1304 3622 1409 3705 poten·

237 3697 308 3764 tiam
330 3703 360 3763 et
383 3697 584 3762 auctoritatem
605 3697 841 3764 adversariorum
861 3699 1021 3787 fregisset,
1053 3701 1142 3766 facile
1164 3702 1348 3767 concessisse
1376 3708 1410 3766 nt

238 3783 332 3850 altero
354 3789 404 3848 aut
424 3785 511 3848 tertio
533 3803 611 3848 anno
631 3791 700 3872 post
718 3789 918 3850 reverteretur·
939 3785 971 3848 in
991 3787 1124 3872 patriam.
1158 3787 1235 3852 Nam
1259 3787 1295 3854 dc
1316 3788 1409 3874 impe-

237 3875 337 3934 ratore
357 3869 409 3934 illo
431 3890 505 3954 quae
526 3876 703 3951 narrantur,
724 3869 760 3934 de
782 3869 961 3956 Thucydide
977 3869 1123 3938 Melesiae
1148 3873 1209 3936 filio
1237 3871 1409 3962 accipienda

239 3975 319 4036 esse,
341 3954 389 4018 vel
410 3976 449 4018 ex
469 3954 548 4018 vitae
570 3952 753 4042 Sophocleae
782 3963 900 4020 auctore
927 3957 1081 4038 conficite,
1124 3958 1173 4042 qui
1198 3958 1277 4021 hunc
1298 3965 1328 4022 et
1353 3977 1410 4020 no·

238 4038 292 4102 bili
313 4059 425 4125 genere
446 4045 546 4104 natum
567 4061 636 4104 esse
657 4031 767 4104 inchoat
787 4049 823 4106 et.
836 4047 956 4130 praeter
976 4047 1090 4106 ceteros
1110 4065 1174 4106 cum
1189 4041 1307 4106 Pericle
1329 4063 1409 4106 com·
1505 4067 1506 4102 ι

238 4122 336 4213 ponit:
369 4144 494 4210 namque
516 4125 608 4220 ceteri
628 4124 842 4212 Thucydidae,
875 4147 948 4214 quos
972 4133 1109 4192 recenset
1129 4126 1229 4192 Schol.
1250 4125 1407 4216 Aristopb.
1505 4163 1506 4208 y

234 2165 331 2234 factus
353 2167 512 2230 revertitur
533 2171 563 2229 et
575 2163 693 2232 Samios
705 2163 802 2236 denuo
816 2167 971 2232 obsidione
984 2167 1103 2234 claudit.
1146 2167 1232 2232 Haec
1245 2169 1344 2233 omnia
1356 2191 1413 2256 ge·

1505 3041 1506 3092 l

1505 3119 1506 3150 l

1505 3157 1506 3204 l

1505 3625 1506 3690 l

1505 3709 1506 3770 l

1505 3797 1506 3872 l

308 4257 335 4340 ff)
367 4257 512 4340 Commode
528 4257 722 4342 quamvisjam
739 4257 848 4315 affertur
864 4261 979 4329 Kriigeri
995 4263 1078 4330 liber,
1095 4279 1173 4332 quem
1191 4263 1331 4318 historisch
1343 4263 1407 4333 pbi-
1505 4241 1506 4310 l

239 4325 383 4392 lologrsche
400 4328 511 4380 Studien
532 4333 681 4398 ruscmpsrt,
708 4345 739 4382 nr
763 4346 815 4399 quo
831 4349 858 4400 p.
877 4329 929 4384 208
945 4349 1018 4400 seqq.
1037 4337 1158 4384 accurate
1173 4333 1208 4386 de
1225 4333 1316 4388 Samio
1333 4333 1406 4386 bello
1505 4337 1506 4396 l

239 4395 377 4462 disseruit,
394 4410 448 4448 non
465 4401 553 4450 tamen
572 4404 601 4450 ut
618 4397 694 4452 nobis
711 4415 786 4452 suam
803 4400 961 4454 senteutiam
984 4399 1143 4469 probaverit.
1505 4405 1506 4410 ’
