3000 5048
277 347 336 416 on
357 347 498 424 numo.
520 329 706 436 conone.
729 347 832 415 urm
853 351 996 429 numo.
1149 353 1216 425 ιον

136 521 191 586 Ex
203 525 336 598 Dioclis
347 517 519 583 Bacchahus
530 515 641 583 Pollux
651 515 689 580 X.
701 515 744 583 78
766 539 881 584 versum
902 521 1045 588 servavit:
1066 525 1216 588 Katotera

45 606 154 689 μίντοι
187 610 238 670 καλ
268 601 476 688 ποδανιπτηρ,
509 600 545 666 od
571 600 647 687 παρ’
666 597 826 690 Ἡροδότῳ
852 600 961 685 μόνον,
1000 605 1079 672 etth
1105 613 1157 674 καί
1185 611 1217 674 ἓν

45 691 223 768 Διοκλέους
244 687 396 772 Βάκχαις·

130 774 245 863 Ὑδρία
266 802 312 853 τις
333 775 352 860 ἢ
371 781 505 860 χαλκοῦς
526 772 715 860 ποδανιπτὴρ
737 775 837 856 λέβης.

46 901 152 944 verum
177 903 232 944 nec
252 880 400 944 sententia
420 901 476 944 nec
496 885 618 943 metrum
640 879 712 942 satis
733 877 881 964 integrum
896 883 955 943 est:
976 880 1076 944 littera
1096 880 1173 944 enim
1196 905 1216 944 α

45 965 78 1028 in
100 965 168 1028 hoc
183 986 273 1030 versu
300 985 416 1052 semper
442 965 517 1028 corri
539 965 613 1044 itur,
640 971 671 1026 ut
698 963 774 1050 apud
794 963 959 1051 Amipsiem
986 967 1019 1028 in
1034 962 1218 1030 Ἀποκοττα-

44 1051 186 1130 pirorum
208 1049 284 1138 npnd
304 1048 490 1114 Athenaeum
509 986 576 1117 AV.
598 1071 625 1136 p.
647 1048 710 1112 667
731 1045 772 1109 F:

127 1131 174 1198 ‘H
194 1136 306 1199 Μανία
327 1133 398 1219 φέρ’
423 1130 567 1219 ὀξύβαφα
588 1135 638 1196 καί
660 1128 839 1215 κανθάρους

134 1222 201 1286 Καὶ
222 1219 275 1284 τὸν
296 1218 498 1303 ποδανιπτῆρ’
523 1219 652 1304 ἐγχέασα
673 1214 821 1291 θῦδατος.

45 1301 87 1367 Et
109 1304 215 1370 eodem
237 1304 321 1369 modo
343 1301 556 1390 ποδόνιπτρον,
580 1304 638 1370 vid.
650 1302 772 1368 Homer.
787 1301 897 1389 Odyss.
916 1301 999 1368 xlx
1011 1301 1074 1370 343
1094 1309 1124 1369 et
1143 1302 1217 1372 564.

44 1387 229 1476 Legendnm
249 1389 343 1476 igitur
363 1397 423 1453 est:

127 1471 241 1557 Ὑδρία
253 1499 299 1550 τις
320 1473 339 1556 ἢ
359 1477 493 1555 χαλκοῦς
514 1470 702 1555 ποδανιπτὴρ
722 1468 742 1552 ἢ
764 1470 864 1553 λέβης.
1229 1528 1231 1532 ,

43 1555 96 1621 Ex
129 1559 234 1624 eadem
271 1559 420 1624 comoedia
451 1559 500 1622 lra
523 1565 649 1622 mentum
684 1557 815 1620 servavit
845 1555 972 1620 Photius
1002 1579 1031 1644 p.
1054 1557 1131 1639 124,
1160 1557 1215 1624 17:

45 1642 142 1706 Κακδι
171 1649 286 1706 κακῶν·
329 1645 464 1724 Διοκλῆς
491 1581 616 1724 ddum·
661 1637 775 1704 Πλῦνιι
802 1665 835 1704 τι
855 1638 894 1704 cd
921 1640 1000 1704 κακά
1026 1647 1088 1705 τῶν
1114 1647 1216 1707 κακῶν

44 1721 140 1808 ὑμᾶς.
187 1727 354 1817 scripserat
373 1729 501 1792 fumasse
522 1737 621 1815 poeta:

131 1810 249 1876 Hidret
270 1837 301 1876 τε
322 1811 361 1874 τά
382 1810 461 1876 κακά
472 1817 532 1876 τῶν
554 1815 655 1874 κακῶν
674 1807 756 1889 ῦμᾶς
776 1813 911 1884 κακῶς.

44 1893 84 1956 τὰ
105 1896 187 1959 κακὰ
209 1903 273 1960 τῶν
299 1902 415 1980 κακῶν,
446 1897 489 1961 uti
513 1897 709 1960 Pherecrates
739 1895 815 1959 dixit
843 1895 876 1960 in
897 1895 1109 1958 Μεταλλεῦσιν
1139 1895 1215 1984 apud

45 1979 236 2045 Athenaeum
263 1981 316 2050 Vl.
343 2003 372 2068 p.
393 1985 456 2047 269
478 1980 518 2046 A.
560 1979 654 2044 Κακὰ
681 1983 781 2054 κακῶς
814 1987 909 2044 autem
939 1986 971 2042 ut
996 1979 1213 2068 Aristophanes

43 2065 74 2126 in
89 2065 248 2150 Equitibus
271 2088 297 2130 v.
311 2069 380 2131 189.
409 2065 547 2131 Ceterum
566 2065 702 2130 Dioclem
723 2073 847 2152 tangere
869 2063 985 2130 videtur
996 2064 1213 2154 Aristophanes

42 2149 75 2212 in
96 2149 199 2214 Raris
220 2171 248 2214 v.
271 2152 371 2232 1304,
398 2173 462 2214 cum
484 2151 568 2216 dicite

128 2231 294 2316 Ἑνιγκάτοι
316 2261 362 2310 τις
381 2235 416 2299 τὸ
438 2231 557 2320 λῦριον·
580 2235 678 2299 καίτοι
698 2257 728 2298 τι
751 2234 800 2297 err

131 2316 248 2403 Λῦρας
270 2322 317 2384 tat
338 2325 464 2398 τοῦτον,·
491 2325 551 2384 ποῦ
571 2317 649 2383 ’στιν
669 2314 688 2400 ἡ
710 2328 774 2394 τοῖς
795 2313 957 2404 ὀστράκοις

129 2399 223 2486 Αῦτη
244 2411 397 2486 κροτοῦσα
404 2433 415 2488 ,·
441 2405 545 2490 Δεῦρο
566 2402 676 2469 Μοῦσ’
698 2402 877 2487 Εὐριπίδου,

129 2485 221 2571 Πρδς
241 2486 333 2570 ἥνπερ
356 2485 509 2570 ἐπιτήδεια
530 2484 601 2552 τάδ’
625 2486 689 2552 ἴστ’
714 2486 798 2576 ᾄδειν
822 2488 909 2567 μέλη.

43 2593 113 2637 nam
135 2573 195 2637 etsi
210 2572 283 2638 Euri
305 2575 360 2638 idir
381 2575 530 2638 levitatem
550 2573 583 2636 in
603 2573 707 2652 modio,
729 2593 801 2656 quos
823 2571 999 2637 carminibus
1021 2571 1212 2660 adaptaverit,

44 2656 96 2720 illo
118 2655 185 2722 loco
206 2597 411 2746 reprehendit,
433 2657 519 2722 simul
539 2663 638 2722 tomen
657 2663 740 2720 notat
761 2655 907 2736 Dioclem,
929 2655 978 2740 qui
998 2654 1078 2720 illius
1098 2655 1213 2720 inventi

45 2748 148 2806 auctor
169 2749 244 2823 erat,
266 2743 341 2828 quod
363 2743 457 2810 solum
471 2741 545 2806 Euri
565 2742 649 2808 ideae
660 2739 768 2805 Musae
789 2741 948 2804 convenire
970 2741 1081 2826 arguit:
1103 2739 1212 2805 Suidas

45 2827 124 2890 enim
144 2847 175 2892 v.
197 2828 332 2908 Διοκλῆς
353 2826 394 2892 Τ.
414 2827 439 2892 Ι.
461 2849 490 2916 p.
510 2763 574 2906 ⁵9l5
595 2826 683 2891 dicit:
727 2827 848 2890 Τοῦτον
869 2823 906 2888 δέ
930 2847 1025 2910 φασιν
1045 2821 1141 2909 εῦρτῖν
1161 2827 1213 2888 καλ

43 2909 99 2992 τὴν
120 2911 154 2974 ἓν
176 2909 357 2997 ὀξυβαφίοις
383 2909 532 2996 ἁρμονίαν
552 2914 584 2976 έν
605 2909 793 2998 ὀστρακίνοις
820 2907 962 2992 ἀγγείοις,
993 2905 1069 2994 άπερ
1091 2908 1213 2995 ίκρουεν

45 2994 76 3057 ἐν
104 2995 191 3096 (prae
212 2997 297 3061 esitio
324 2997 449 3062 delenda
478 2999 536 3081 est)
564 2999 712 3082 ξυληφίῳ.
755 2994 804 3060 De
834 2993 887 3060 illa
913 2994 1066 3060 harmonia
1092 2995 1212 3060 Aristo-

44 3079 151 3166 phanis
199 3081 342 3146 cholicuta
361 3082 435 3146 haec
457 3081 542 3148 dicit:
570 3083 698 3170 Ἀπορίη
718 3076 813 3161 λῦρας
833 3079 910 3156 τινές
931 3078 1069 3163 ῦστρακα
1088 3076 1212 3162 λαμβά-

44 3188 160 3244 νοντες,
194 3157 269 3246 ἦχον
293 3166 350 3248 μίν
376 3167 554 3245 ἀπετέλουν,
585 3162 665 3230 πάνυ
694 3165 727 3228 δὲ
755 3164 890 3246 άσημον·
920 3161 1076 3244 διαβάλλει
1103 3166 1137 3230 δὲ
1163 3167 1212 3230 ἒν-

45 3253 154 3314 ττῦθτν
181 3249 351 3336 Εὐριπίδην
383 3249 425 3328 ῶς
457 3253 550 3317 κακὸν
579 3247 749 3334 μελοποιόν.
791 3249 922 3324 Ἄλλως·
949 3248 1017 3313 ’Ότι
1050 3251 1215 3334 φαίνονταί

45 3355 122 3408 τινες
143 3334 282 3422 άγοραῖοι
310 3333 468 3420 κρούοντες
493 3347 557 3414 τοῖς
578 3333 738 3420 ὀστράκοις
758 3337 808 3398 καὶ
830 3331 1034 3441 προσᾴδοντις
1053 3339 1099 3420 τῷ
1120 3332 1212 3422 epod-

45 3441 119 3497 ματι
139 3425 185 3507 τῷ
207 3420 258 3484 διὰ
279 3418 409 3484 τοῦτον·
430 3422 544 3507 λέγεται
566 3423 599 3486 δὲ
620 3425 662 3497 εἰς
681 3417 923 3504 τὴυὙιμιπυλην
943 3423 1050 3496 ταῦτα,
1072 3419 1092 3502 ἢ
1115 3417 1211 3485 καθά·

45 3505 101 3566 λου
128 3503 187 3588 τὴν
214 3509 336 3586 μοῦσαν
363 3503 475 3570 αὐτοῦ·
507 3507 638 3590 ἐπιλέγει,
661 3502 733 3590 γάρ,
767 3507 856 3589 δεῦρο
883 3505 1002 3570 Μοῦσα
1030 3504 1209 3590 Εὐριπίδου.

46 3587 185 3668 Δίδυμος
209 3590 242 3654 δὲ
268 3591 486 3676 προστίθησιν,
530 3589 576 3656 ὅτι
597 3587 742 3656 εἰώθασιν
763 3588 830 3653 ἀντὶ
860 3586 956 3676 λῦρας
983 3585 1128 3672 κογχῦλια
1158 3592 1209 3654 καλ

47 3668 195 3758 ὀστράκια
217 3673 375 3760 κροῦοντις
396 3673 553 3761 ιῦρυθμῦυ
573 3701 641 3740 τινα
661 3667 736 3757 ὀχον
746 3674 900 3738 ἀποτελεῖν
919 3684 984 3749 τοῖς
1005 3673 1210 3759 ὀρχουμένοις.

46 3756 97 3822 uhi
118 3757 276 3842 ίρρυθμόν
296 3786 363 3826 τινα
388 3751 463 3842 ν’]χον
489 3761 647 3848 legendum
668 3767 729 3840 est3
761 3761 913 3824 confirmat
933 3757 1105 3824 Athenaeus
1125 3759 1210 3828 XlV.

48 3859 76 3926 p.
96 3843 160 3910 636
183 3844 230 3926 D,
271 3847 321 3932 qui
356 3853 386 3912 et
412 3847 476 3935 ipse
503 3845 664 3932 Didymum
695 3845 842 3933 respexit:
885 3845 1026 3924 Δίδυμος
1052 3844 1089 3908 δέ
1115 3869 1210 3932 φησιν

50 4025 95 4092 qui
111 4044 170 4082 cum
186 4030 256 4083 idem
272 4037 454 4097 argumentum
470 4038 608 4099 tractaret,
625 4048 642 4084 a
658 4031 808 4096 tragoediae
824 4029 951 4096 dignitato
966 4044 1074 4098 pronun
1091 4028 1209 4100 descivit,

50 4098 127 4162 atque
143 4097 230 4166 iprum
246 4099 385 4153 Herculem
400 4101 465 4154 haec
480 4102 558 4154 finxit
573 4100 693 4154 confiteri
711 4100 853 4164 (Stobaeus
870 4099 966 4152 XVlll.
983 4115 1010 4166 p.
1028 4095 1107 4166 164):

148 4165 210 4218 Νῦν
227 4161 252 4216 δ’
274 4157 348 4224 οἶνος
364 4167 489 4233 ἐξέστησε
502 4165 553 4239 μ’·
571 4163 700 4250 ὁμολογῶ
717 4165 748 4218 δὲ
765 4165 797 4218 σὲ

146 4227 276 4285 Ἀδικεῖν·
294 4229 324 4284 τὸ
342 4232 368 4285 δ’
388 4231 500 4306 ἀδίκημ’
522 4233 622 4304 ἐγίνετ’
643 4251 695 4301 ουχ
711 4229 846 4286 ἑκούσιον.

51 4292 176 4355 carcinus
193 4307 281 4360 autem
292 4301 438 4370 digniorem
454 4305 565 4373 aliquam
582 4303 710 4356 rationem
727 4302 756 4355 in
772 4303 818 4356 illa
833 4300 923 4354 fabula
938 4301 1118 4370 componenda
1133 4301 1208 4355 vide-

51 4364 93 4441 tur
116 4375 221 4422 occutus
243 4369 325 4422 fnisse
351 4370 440 4439 itaque
462 4373 520 4425 inre
542 4373 693 4426 chremetur
713 4369 842 4438 Euripidi.
878 4369 947 4422 Cum
969 4375 1058 4422 tamen
1080 4369 1207 4423 Garcinm

53 4435 129 4488 etiam
144 4437 248 4507 Atopcn
264 4437 412 4508 scripserit,
432 4440 531 4510 poterin
548 4440 683 4495 commodo
699 4437 748 4494 hoa
764 4454 855 4496 verena
871 4437 933 4494 illuc
950 4435 1057 4494 referre.
