3096 5062
281 270 347 342 aa
662 269 1065 367 consummemus

366 446 497 524 Καλῶς,
518 437 611 530 δίφρῳ
632 439 775 522 ζίονσαν·
798 440 865 509 ouid'
890 442 932 509 dv·
947 444 1112 533 Αὖτοκλῆς

370 528 478 608 Οὕτως
497 527 543 612 μὰ
562 529 619 613 τὴν
638 533 695 614 γῆν
715 523 882 617 εὐρύθμως
901 534 940 618 τῇ
961 533 1044 622 δεξιᾷ

359 613 455 702 Ἄρας
475 609 589 695 ἐνώμα.
928 621 929 626 ’

281 702 392 769 Nescio
413 723 453 766 un
473 699 551 764 idem
572 699 611 764 sit
631 695 774 764 Autocles
795 718 880 784 quem
901 700 1049 766 accusavit
1068 699 1100 766 H
1143 703 1258 788 erides,
1285 705 1345 772 vid.
1368 707 1449 776 Har·

281 783 1000 957 cccco-mutvtzutottv
1020 785 1078 936 a
1093 789 1448 966 mittut

975 918 986 953 2
1079 917 1087 936 '
1252 921 1262 942 '
1315 921 1323 943 ·
1393 929 1404 962 2

364 1005 416 1106 lix
427 1037 545 1105 Cratini
565 1034 723 1102 comoediis
744 1037 922 1104 avetcribns
944 1040 1143 1126 grammaticis
1164 1063 1225 1108 non
1244 1065 1340 1133 panca
1359 1067 1447 1114 voca-

280 1127 351 1193 bula
370 1125 551 1205 afferuntur,
582 1143 657 1208 quae
682 1141 754 1188 cave
781 1129 892 1187 temere
918 1142 1042 1211 spernas
1064 1133 1115 1191 aut
1134 1129 1288 1216 negligas:
1317 1153 1392 1198 sune
1419 1136 1447 1200 si

280 1213 346 1299 quis
366 1212 440 1275 haec
461 1207 583 1296 singola
602 1205 778 1291 consideret
798 1228 849 1272 res
870 1227 932 1272 non
951 1209 994 1274 itu
1006 1212 1109 1299 magni
1129 1216 1267 1278 momenti
1287 1217 1445 1302 videbitur,

280 1305 312 1362 at
331 1295 359 1360 si
379 1296 412 1360 in
432 1315 522 1360 noum
547 1293 622 1356 haec
648 1294 746 1358 omniu
773 1293 962 1358 coninnxccis
989 1300 1020 1359 ot
1040 1297 1094 1360 suh
1120 1297 1257 1363 indicium
1278 1305 1445 1387 vocaveris,

279 1391 340 1448 tnm
360 1378 468 1469 optime
489 1397 669 1466 cognosces,
715 1397 751 1442 uo
773 1377 888 1442 dicendi
910 1398 1022 1466 genero
1043 1401 1114 1446 osus
1136 1383 1175 1446 sit
1196 1381 1347 1450 Cratinus.
1386 1388 1445 1454 Hic

280 1466 359 1531 enim
384 1469 472 1552 poeto
491 1462 580 1544 sicuti
601 1481 682 1526 como
720 1464 779 1528 iam
804 1463 948 1528 iacentem
975 1471 1063 1530 antea
1083 1471 1114 1530 et
1134 1473 1307 1534 contemtum
1332 1471 1444 1560 primns

278 1548 471 1630 instauravit,
492 1548 534 1614 itu
554 1547 642 1612 etiem
663 1567 829 1614 sumnonem
847 1548 894 1612 rei
914 1547 1037 1614 novitati
1059 1551 1302 1619 accommodatum
1323 1559 1445 1646 reperit.

278 1635 343 1702 Iam
370 1631 611 1719 quemadmodum
636 1631 669 1696 in
694 1633 769 1698 cios·
787 1632 884 1696 animo
911 1633 1083 1720 magnitudo
1105 1635 1248 1721 quaedam
1275 1645 1305 1704 et
1330 1661 1445 1708 summa

279 1719 413 1820 gravitas
443 1718 600 1808 conspicua
631 1722 692 1797 est,
733 1718 777 1782 ita
803 1717 890 1782 etiam
917 1718 1011 1782 oratio
1037 1718 1215 1786 sublimitate
1242 1729 1272 1787 et
1297 1723 1445 1813 dignitato

277 1803 409 1892 msignis
429 1811 491 1886 eut,
515 1809 565 1866 -et
585 1802 717 1900 quumvis
743 1807 832 1891 pocta
855 1808 954 1868 utatur
980 1823 1116 1870 sermone
1138 1827 1157 1870 a
1177 1807 1346 1892 quotidiana
1374 1832 1445 1876 con-

277 1889 433 1956 suetudine
454 1909 514 1954 non
536 1887 624 1952 nimis
646 1886 760 1970 chono,
785 1907 871 1972 qncm
889 1887 1004 1972 quidem
1025 1889 1193 1955 comoediae
1213 1892 1289 1957 ratio
1314 1893 1443 1997 flagitat,

277 1976 307 2041 ei
332 1981 431 2040 tumen
456 1972 643 2063 splendorem
666 1971 810 2072 quendam
831 1979 863 2036 et
885 1973 1057 2038 varietatum
1084 1975 1238 2041 iucundam
1265 1979 1443 2066 concihavit,

277 2081 352 2146 quac
371 2059 556 2148 popularium
576 2057 700 2158 ingemo
720 2077 842 2146 prorsus
863 2057 961 2129 tuerat
981 2060 1212 2143 accommodata,
1238 2061 1281 2128 ita
1300 2074 1334 2128 ut
1353 2067 1442 2133 etiam

277 2146 314 2210 ab
336 2145 463 2244 anitquis
475 2142 674 2232 grammateia
694 2163 786 2232 purae
801 2141 966 2230 paucaque
977 2145 1119 2210 orationis
1190 2147 1443 2217 vissimnsauctor
1511 2191 1515 2204 ·

277 2229 318 2294 sit
345 2229 473 2294 habmus.
515 2226 557 2292 Et
576 2225 767 2314 Phrynichus
789 2226 904 2310 quidem
935 2229 1109 2317 saepissime
1157 2232 1247 2296 ratini
1273 2236 1440 2302 testimonio

276 2334 349 2379 osus
370 2319 431 2395 cst,
451 2310 512 2377 vid.
530 2311 675 2401 Praepar.
697 2310 820 2422 soghist.
842 2332 888 2400 up.
907 2310 1166 2382 ,Bokkhnecdot
1189 2317 1230 2382 Τ.
1243 2317 1268 2384 1.
1289 2341 1318 2407 p.
1337 2323 1370 2402 3,
1380 2323 1439 2389 25:

270 2397 441 2473 ’Λνελκταῖς
460 2391 573 2482 ὀφρύσι
591 2392 716 2477 σεμνόν·
732 2399 876 2476 Actiacis
891 2394 968 2462 αὐτὸ
986 2401 1036 2461 καὶ
1053 2406 1170 2481 σεμνῶς
1181 2405 1335 2487 Κρατῖνος
1350 2402 1441 2486 εἶπεν,

274 2482 345 2548 ibid.
365 2484 399 2565 7,
412 2485 443 2550 9.
464 2482 496 2563 8,
510 2483 545 2546 ⁶:
567 2479 596 2546 oi
606 2479 709 2563 μέντοι
722 2479 852 2548 Ἀττικοὶ
872 2477 1111 2566 τὴνάρρωστίαν
1125 2487 1173 2550 ἐπὶ
1191 2491 1246 2552 τοῦ
1258 2488 1303 2572 μὴ
1315 2496 1441 2574 προθυ-

273 2571 402 2650 μεῖσθαι
412 2567 491 2650 μηδὲ
504 2562 604 2652 ὁρμᾶν
619 2568 734 2648 πρᾶξαι
744 2564 901 2630 τιθέασιν·
923 2566 1028 2654 τὸγὰρ
1041 2568 1288 2660 ἀντικείμενοντῇ
1309 2573 1439 2660 τοιαύτη

273 2653 606 2805 {tutotuto
625 2647 1005 2805 atttvttuut
1019 2659 1263 2806 ‘u
1305 2641 1438 2812 titt·

272 2787 401 2890 thcck
420 2845 449 2912 p.
470 2787 544 2888 ’136.
557 2821 631 2888 258.
650 2785 814 2888 didm,
830 2820 908 2886 idum
928 2785 957 2923 p’.
968 2821 1030 2890 14⁵
1052 2763 1296 2892 crannumffldud'
1313 2795 1438 2918 reliquis

273 2909 410 3058 ttttt
423 2905 791 3071 tdtttttt‘tt
805 2914 965 3070 iiiii?
983 2906 1171 3061 gagg
1188 2907 1437 3064 tt⁰2‘'²⁹²t

271 3018 425 3164 Kootim
453 3017 517 3140 καὶρ
531 3017 674 3154 Εὕπορλις.
706 3077 757 3141 nbi
782 3075 859 3162 quod
884 3015 1068 3165 [hendricus
1095 3021 1215 3164 diunge,
1241 3022 1435 3182 lffhryniid’l‘us

269 3170 390 3316 gratiamn-
410 3162 484 3228 alios
492 3159 704 3313 ssrgsmphonis
725 3161 806 3228 locos
827 3161 945 3228 videtvr
964 3184 1030 3228 eum
1051 3167 1242 3254 spectavisse,
1264 3189 1313 3255 qm
1334 3177 1380 3236 cst
1400 3171 1434 3236 in
1530 3189 1531 3196 ¹

298 3269 430 3313 coesino.
450 3268 479 3312 v.
561 3269 570 3311 ι

349 3327 430 3397 Ἰδού
451 3354 483 3416 γε
504 3354 554 3396 σοι
574 3330 706 3397 πίνουσι.
746 3331 813 3398 ΓΥ.
834 3327 886 3416 Νὴ
907 3327 1127 3420 chaideruna,

353 3419 419 3482 Καὶ
440 3411 541 3481 ταῦτά
560 3414 592 3502 γ’
616 3413 756 3504 εὔζωρον.
916 3469 918 3476 ,

270 3509 301 3572 et
319 3503 391 3570 ibid.
411 3524 441 3569 v.
462 3501 541 3566 227:

354 3587 420 3654 Τὸν
440 3583 521 3653 οἶνον
541 3583 672 3672 εὔζωρον
692 3581 816 3673 φιλοῦσ’
840 3580 941 3672 ὥσπερ
963 3583 1023 3673 nod
1044 3592 1111 3654 τοῦ.

267 3674 312 3742 ut
326 3696 399 3740 vero
420 3673 468 3740 hic
488 3671 604 3759 quidem
623 3693 729 3737 versus
752 3671 985 3758 aequabilitatem
1006 3673 1148 3740 orationis
1161 3673 1247 3740 valdc
1266 3676 1432 3764 pertnrhag

266 3783 336 3827 num
363 3766 393 3826 et
418 3765 529 3848 septem
549 3778 670 3839 versus,
697 3757 747 3844 qni
770 3756 951 3846 praecedunt
976 3763 1007 3824 et
1034 3759 1061 3824 is
1089 3760 1139 3846 qui
1166 3761 1296 3846 seqnitur
1321 3761 1433 3827 cudunt

266 3867 368 3912 omncs
389 3845 421 3909 in
441 3880 484 3894 -
513 3866 598 3907 cocco
619 3838 719 3928 ὥσπερ
747 3843 799 3906 καὶ
819 3840 880 3926 πρὸ
900 3847 972 3922 cod,
999 3843 1076 3930 quod
1096 3851 1129 3908 ut
1149 3844 1206 3909 hoc
1225 3865 1337 3932 qnoque
1362 3845 1431 3914 loco

264 3931 437 3998 restituatur
456 3927 572 4016 flagitat
591 3925 642 3992 lex
662 3927 883 4010 concinnitatis,
904 3927 1110 4017 corrigendum
1130 3929 1224 4017 igitur
1243 3931 1385 3998 arbitror:

351 4014 430 4079 Τὸν
449 4011 604 4100 sidocus
624 4017 806 4100 φιλοῦσιν
826 4009 927 4098 ὥσπερ
948 4015 1012 4078 καὶ
1033 4012 1093 4100 πρὸ
1114 4020 1181 4080 τοῦ.

265 4097 355 4166 Hanc
375 4099 517 4165 orationis
538 4099 731 4165 comtantiam
750 4105 784 4164 ut
803 4103 952 4182 servaret,
972 4119 1062 4164 ausus
1083 4107 1129 4164 cst
1148 4106 1235 4190 poeta
1254 4099 1303 4165 vel
1323 4107 1430 4200 congru

264 4185 503 4251 consuetudinem
529 4184 653 4251 formam
679 4181 802 4284 εῧζορον
826 4204 954 4266 novare,
984 4184 1012 4248 si
1038 4183 1154 4270 quidem
1180 4186 1313 4251 novavit:
1355 4207 1428 4252 nam

265 4267 441 4336 simillimum
473 4269 597 4336 formam
628 4273 741 4334 octova
765 4267 951 4356 Hesychius:
984 4269 1167 4356 Ζωροτέρα·
1202 4269 1426 4356 deuersoriae·

265 4355 307 4422 ihi
327 4376 399 4422 vcro
424 4370 473 4420 ex·
491 4353 554 4422 cod.
596 4351 712 4422 Veneto
732 4353 887 4442 flagitante
907 4353 994 4420 etiam
1022 4351 1185 4424 litterarum
1212 4357 1315 4424 ordino
1335 4357 1427 4424 resti·
