3000 5048
660 283 1062 365 commonuimus
1080 299 1082 308 '

708 831 899 902 CAPUT
948 771 1015 903 Vll.

370 1057 567 1138 Theopompo
588 1053 777 1136 comoediam,
799 1074 874 1140 quae
894 1052 998 1122 Venus
1019 1055 1077 1118 fuit
1096 1053 1254 1143 inscripta,
1275 1055 1434 1124 Athenaeus.

278 1139 350 1210 Vll.
370 1143 434 1210 324
454 1141 492 1208 Β.
513 1135 854 1215 οδίιίίιοίιΟεόπομπος
869 1137 1053 1226 Ἀφροδίτῃ·
1176 1152 1181 1170 “

677 1223 763 1288 Ἀλλ’
786 1221 908 1307 ἔντραγε

364 1310 431 1391 Τὴν
452 1309 564 1392 σηπίαν
583 1309 669 1390 τηνδὶ
691 1312 833 1388 λαβοῦσα
854 1309 905 1372 καὶ
926 1308 993 1372 τοδὶ

365 1392 411 1458 Τό
433 1391 660 1458 ποολοπόδειδν.

278 1475 389 1548 Verum
410 1499 470 1542 nou
495 1478 537 1542 ita
562 1476 713 1565 inscripsit
739 1475 865 1542 comicus
886 1475 1032 1557 fabulam,
1063 1475 1117 1544 ssd
1132 1475 1333 1560 Ἀφροδίσια,
1359 1476 1427 1540 sicuti

279 1563 367 1634 otiam
388 1561 555 1632 Scholiasta
575 1562 729 1649 Aristoph.
749 1562 829 1626 Plut.
850 1581 879 1624 v.
901 1561 963 1624 179
984 1561 1125 1650 appellat:
1148 1562 1247 1649 ipsum
1269 1570 1359 1626 autem
1380 1562 1427 1624 lra-

279 1653 429 1735 gmentum
458 1647 535 1732 quod
561 1645 650 1712 affert
677 1646 867 1728 Athenaeus,
904 1646 977 1710 satis
1009 1647 1195 1712 commendat
1226 1647 1304 1712 hunc
1333 1646 1425 1710 titulum

277 1731 496 1814 Aphrodisia.
539 1731 617 1796 Sunt
637 1732 714 1796 enim
736 1733 809 1796 haec
832 1731 923 1796 verha
943 1731 1123 1813 meretricis,
1152 1752 1229 1816 quaa
1252 1731 1367 1795 amicam
1384 1729 1425 1792 ali·

298 1837 363 1882 uam
384 1816 533 1898 hortatur,
553 1824 586 1880 ut
606 1817 717 1904 sopiam
739 1825 824 1964 adpre
845 1815 982 1902 polypum
1005 1815 1137 1880 comedat
1158 1817 1209 1882 die
1232 1815 1308 1880 festo
1327 1813 1424 1902 Aphro

278 1836 438 1966 disiorum:
479 1923 547 1966 uam
575 1900 702 1966 Athenis
731 1901 778 1966 die
800 1921 833 1964 us
864 1901 950 1965 festis
977 1900 1010 1962 in
1037 1901 1173 1966 convivio
1200 1901 1249 1988 opi
1270 1921 1320 1965 oro
1344 1899 1424 1986 sepiae

277 1986 465 2073 potissimum,
481 1994 511 2049 et
531 1985 692 2076 polypodes
714 1985 944 2074 apponebantur.
978 1984 1024 2048 lta
1044 1985 1076 2048 in
1098 1923 1345 2073 Thesmophoriis
1363 1984 1424 2048 inter

277 2069 367 2218 cibo}
380 2069 558 2220 coffinisitos
577 2071 758 2153 referuntur,
778 2070 838 2136 vid.
860 2069 1012 2157 Aristoph.
1031 2069 1349 2160 Thesmophoriazusis
1368 2067 1423 2134 alte·

275 2175 320 2220 ns
367 2179 393 2221 r.

360 2243 405 2306 A.
423 2238 527 2322 ’ίχδύς
547 2235 679 2320 ἒιόνητοί
696 2262 742 2316 τις
762 2235 782 2320 ἢ
803 2239 945 2322 σηπίδιον

350 2321 400 2386 Ἢ
416 2329 478 2387 τῶν
500 2328 649 2386 πλατειῶν
674 2324 807 2408 καρίδων
833 2322 853 2404 ἢ
877 2319 1062 2402 πουλύπους,

352 2405 400 2470 Ἢ
417 2412 519 2488 νῆστις
540 2400 652 2472 ὐπτᾶτ’
676 2405 696 2488 ἢ
717 2405 823 2491 γαλεός
843 2404 862 2489 ἢ
883 2410 1036 2488 revolem

359 2495 399 2556 Β.
422 2491 483 2556 Md
503 2491 557 2556 τὸν
577 2491 635 2556 Δί’
657 2491 694 2557 οὐ
716 2490 792 2575 δῆτ’.
820 2495 865 2556 A.
892 2493 974 2556 Οὐδὲ
993 2494 1098 2573 douln
1125 2498 1166 2560 Β.
1194 2492 1280 2575 Οὐδ’,
1299 2490 1347 2578 ἤμ’
1368 2485 1420 2574 lyci.

358 2581 403 2666 A.
429 2575 511 2642 Οὐδὲ
527 2573 622 2662 χόρί,
645 2575 716 2642 οὐδὲ
736 2583 827 2653 ccicc,
851 2577 919 2642 οὐδ’
943 2567 1027 2664 ἧπαρ
1048 2574 1180 2666 κόπρον,

365 2660 447 2727 Οὐδὲ
467 2658 634 2744 σχαδόνας,
657 2660 725 2726 οὐδ’
749 2661 888 2746 ἠτριαῖον
908 2662 1076 2749 δέλφακος·
1144 2681 1146 2688 “

364 2745 445 2812 Οὐδ’
470 2747 631 2832 ἐγχέλειον,
654 2744 725 2811 οὐδὲ
745 2744 882 2832 κάραβον
901 2749 998 2832 μὲγοιν

358 2833 391 2896 Γ
387 2834 484 2908 οναιξδ
501 2829 703 2897 ,κοπιῶσοισιν
724 2830 964 2919 ὲπεκοορήοατες

276 2935 323 3000 lta
354 2934 432 2999 euim
465 2935 523 3000 ista
551 2933 718 3019 emendo.*)
761 2933 835 3000 Item
868 2935 901 2998 iu
919 2935 1181 3024 -Anuphidromii's‚
1212 2937 1287 3002 sicut
1314 2925 1416 2997 dilucide

277 3017 404 3084 ostendit
424 3017 577 3108 Ephippus
598 3020 630 3082 in
652 3017 792 3105 Geryone
814 3019 890 3109 apud
911 3019 1172 3086 Athenaeule.
1196 3043 1224 3110 p.
1246 3021 1309 3084 ato
1326 3015 1362 3081 D.
1380 3016 1417 3076 ott

276 3102 428 3185 Eubulus,
455 3125 494 3167 ex
520 3123 576 3189 quo
601 3102 653 3167 ille
680 3113 777 3168 mutuo
804 3103 859 3170 hos
880 3125 985 3169 versus
1011 3106 1200 3172 transtulisse
1222 3103 1333 3170 videtur
1357 3095 1416 3163 mul.

276 3187 448 3253 Athenaeus
469 3187 508 3252 ll.
529 3209 559 3276 p.
579 3188 638 3269 65,
661 3188 716 3256 1οι
827 3195 831 3204 “

257 3317 260 3326 ·
356 3271 586 3358 Ἀμφιδρομίων
608 3269 718 3349 όντων,
740 3273 772 3336 ὲν
793 3267 839 3350 οἷς
859 3273 1008 3356 νομίζεται

355 3355 472 3420 Ὀπτᾶν
491 3381 523 3422 τε
546 3362 640 3440 τοροῦ
662 3359 889 3442 Χερσονηοίτοο
911 3355 1034 3436 τόμους,

237 3477 242 3486 ·
341 3437 461 3524 ,Ἓψειν
480 3443 508 3506 τ’
530 3444 621 3531 ὲλαίιρ
643 3439 782 3529 ῥάφανον
801 3441 1012 3528 ἠγλαϊομίνην,

342 3746 369 3814 ·)
394 3747 545 3814 Legebatur
566 3765 592 3802 r.
609 3745 627 3800 4
644 3745 712 3799 οὐδὲ
726 3741 793 3817 φημ’
814 3739 888 3816 lyei:
910 3746 1014 3802 restitui
1036 3746 1091 3801 anti
1111 3765 1171 3802 uam
1187 3747 1304 3806 sormam,
1320 3744 1410 3806 q¹1³¹¹³¹

273 3820 335 3869 sunt
351 3816 458 3885 Sappho
475 3823 502 3869 et
518 3819 627 3870 Alcman
644 3817 712 3884 apud
731 3816 936 3869 Grammaticum
955 3815 1073 3869 Crameri
1090 3765 1124 3871 δ’.
1138 3820 1159 3870 Ι.
1177 3835 1203 3884 p.
1221 3813 1278 3878 190,
1294 3807 1336 3890 ²9³
1347 3799 1411 3876 Ἠσίζ

274 3877 458 3951 Διόσομεν,
475 3880 534 3949 ἠσὶ
550 3876 672 3950 πατήρ,
691 3883 779 3951 φησὶν
794 3878 950 3952 ἡΣαπφοί·
968 3879 1023 3950 ἠτὶ
1040 3882 1071 3935 δὲ
1087 3885 1161 3954 λέγει
1172 3877 1290 3950 Ἀλκμὰν
1306 3871 1361 3926 ant
1374 3879 1410 3916 ²0¹²

272 3947 344 4016 ἠσίν.
380 3957 407 4002 et
427 3951 511 4004 indua:
538 3947 567 4003 τό
594 3949 625 4002 δὲ
641 3952 717 4020 δόμα
740 3947 793 4022 ἧμὶ
813 3953 912 4020 γέγονε
935 3947 1012 4072 παρὰ
1035 3945 1065 4002 τό
1089 3953 1165 4021 φημὶ
1189 3946 1249 4002 κατ’
1274 3942 1408 4018 dyadem·

274 4019 327 4072 Sed
349 4018 428 4071 etiam
444 4019 525 4072 Attici
566 4025 641 4072 oetne
663 4035 717 4071 non
739 4020 872 4088 aspernati
893 4026 956 4073 suut
998 4037 1047 4074 auc
1068 4020 1193 4087 formam,
1219 4016 1257 4070 uti
1272 4011 1408 4086 fleruuut‘

273 4087 343 4204 appupl
360 4085 486 4204 Ρίροῐίοιιιί
505 4106 533 4157 p.
547 4037 596 4152 dl,
614 4089 644 4141 1:
677 4083 757 4157 Παρδ
775 4082 808 4154 δὴ
832 4086 879 4139 καὶ
889 4081 1046 4157 Ἕρμιππος
1067 4087 1098 4140 ὲν
1115 4081 1232 4154 Ἀθήνης
1252 4079 1340 4152 γοναῖς
1358 4076 1408 4134 ησίί

271 4169 323 4208 αντ
351 4168 398 4204 του
415 4167 516 4222 φησν·

370 4229 400 4289 ‘0
416 4230 502 4304 Ζεύς,
520 4235 622 4310 δίδωμι
637 4229 763 4304 Παλλάς,
779 4233 838 4305 aiut,
856 4229 988 4309 τοῦνομα.

271 4337 297 4377 v.
314 4319 332 4376 5
348 4321 484 4386 legebatur
500 4317 565 4372 οὐδὲ
580 4315 690 4392 χόριον,
714 4323 849 4388 corrigunt
865 4319 897 4374 οὐ
911 4315 949 4390 χό
968 4337 1020 4374 ιον.
1044 4328 1072 4377 ct
1085 4314 1168 4394 χόρια
1185 4318 1269 4392 potius
1284 4303 1354 4366 scribi
1367 4299 1403 4349 ἆθ-

272 4391 368 4456 bebat,
384 4389 455 4458 quod
471 4390 627 4442 uocabulum
643 4390 699 4444 fere
714 4390 809 4460 plurali
826 4407 936 4444 numero
953 4391 1004 4445 ιὀί
1020 4394 1097 4446 solet.
