3096 5062
247 250 312 322 248
619 239 1025 314 comsummatus

246 413 330 484 Nihil
349 420 446 482 auum
466 414 499 482 iu
519 412 684 504 posteriore
704 413 761 478 hoc
772 432 877 480 versu:

331 499 461 578 Πασίαν,
479 494 661 585 Ὀσφῦωνα,
682 497 846 583 Διΐτρέφη.
962 519 970 534 ·

245 586 414 656 mutandum
439 585 583 684 abiner,
611 582 689 671 quod
709 583 805 648 chum
825 582 976 650 nonnullis
1000 583 1168 652 hominihus
1189 585 1299 669 doctis,
1324 607 1422 676 prae-

246 674 348 740 sertim
374 689 439 736 cum
467 670 597 757 vestigia
627 667 759 734 eiusdem
786 668 873 734 metri
899 668 971 734 mihi
991 669 1095 736 videor
1120 670 1353 760 deprehendisse
1379 673 1423 738 im

245 760 301 840 iis,
322 777 396 844 quae
416 753 558 842 leguntur
579 753 657 844 apud
677 752 869 818 Plutarchum
890 752 928 818 de
968 753 1044 820 uotis
1065 754 1219 822 audiendis
1239 779 1266 822 c.
1285 759 1322 822 7:
1347 756 1423 822 Τὸν

246 836 489 948 κωμῳδούμενον
508 835 691 921 ὑπερβάλλει
709 837 903 926 μαοτροπεέρ
956 838 1113 924 ολέαγρον,
1139 841 1293 922 εὐδαίμων
1312 842 1424 906 Πολί-

247 951 343 1014 αγρος
373 923 517 1012 ουρολνιον
544 923 616 1007 (alii
644 921 805 1007 οὐρανίαν,
833 943 907 1008 quae
933 929 980 988 est
1006 923 1140 1012 legitima
1166 925 1299 1012 forma),
1341 922 1423 1012 αέγα

247 1007 462 1101 πλουτοφόρον
480 1007 612 1097 τρέφεον.
633 1027 708 1119 puae
729 1008 844 1092 quidem
864 1007 907 1072 ita
927 1008 1132 1078 constimenda
1150 1011 1303 1078 videntur:

230 1197 245 1230 ⁸
334 1175 488 1267 Οὔρᾶνιον
508 1173 586 1264 alyn.
600 1093 974 1263 ddddddd’dpddoddddhd'
1084 1158 1088 1166 .

247 1267 301 1334 illa
321 1267 400 1332 enim
425 1265 519 1331 verba
544 1263 697 1344 εὐδαίμων
719 1261 896 1348 Πολίαγρος
921 1268 1083 1330 extremam
1112 1270 1226 1353 partem
1253 1266 1423 1332 tetrametri

248 1351 436 1451 anapaestici·
450 1348 593 1431 efficiunt,
615 1367 743 1434 sequens
763 1369 869 1496 vlersus
891 1348 1068 1498 compositus
1090 1357 1171 1416 este
1192 1351 1310 1438 cretico,
1331 1352 1422 1418 cuius

248 1432 673 1599 {illectant-litote
694 1439 734 1580 A
753 1439 1031 1606 {tutatust
1046 1435 1424 1606 ttthltffchht:

122 1605 125 1612 ’
249 1607 356 1698 petitas
383 1604 520 1670 conseras
541 1601 681 1667 Photium
701 1623 732 1692 p.
752 1603 827 1685 36¹,
848 1603 900 1669 52·
918 1601 1057 1684 Οὐρανία
1079 1602 1149 1681 οἷ’ξ·
1169 1595 1191 1690 ᾗ
1213 1605 1242 1670 οἳ
1263 1603 1424 1689 εὐχόμενον

250 1689 372 1766 πάντας
392 1684 607 1772 ἐπετύγχανον·
639 1685 712 1764 ἴσως
740 1687 792 1750 διὰ
818 1685 855 1751 τὸ
881 1681 936 1769 τήν
957 1684 1092 1771 Σελήνην
1119 1687 1198 1776 οὔτῇ
1226 1691 1424 1774 ἐποχεῖσθαι·

251 1779 447 1862 Κρατῖνος
467 1772 675 1858 Χείρωσιν·
707 1770 767 1848 α’ῖξ
795 1770 969 1856 οὐρανία.
1011 1771 1121 1840 Suidas
1147 1773 1189 1842 Τ.
1208 1774 1234 1842 Ι.
1276 1775 1369 1844 ‚653
1391 1783 1425 1844 et

252 1861 294 1926 T.
315 1859 356 1924 II.
375 1881 405 1950 p.
426 1855 492 1924 746
512 1855 622 1924 similia
642 1855 773 1922 exhibet
816 1857 938 1922 Dictum
964 1857 1022 1924 fuit
1046 1859 1165 1961 proprie
1192 1860 1229 1926 de
1249 1797 1424 1946 Amalthea,

252 1945 359 2012 deiude
385 1941 560 2010 translatum
586 1939 625 2007 ad
652 1963 689 2006 ea
716 1941 832 2025 omnia,
865 1961 905 2006 ex
931 1943 1036 2042 quihus
1065 1964 1130 2030 quus
1166 1945 1279 2012 fruetus
1311 1947 1425 2014 emolu·

118 2087 120 2094 .
252 2035 407 2118 menteque
434 2027 609 2117 perciperet
652 2025 793 2092 Cratinus
821 2033 918 2092 autem
943 2028 1117 2117 impudicam
1138 2051 1276 2114 uxorem,
1304 2053 1344 2096 ex
1364 2053 1425 2118 qua

252 2115 414 2202 Poliagrus
436 2119 588 2199 quaestum
614 2110 766 2198 insignem
786 2111 983 2200 percipiebat,
1009 2112 1066 2178 hoc
1086 2115 1205 2180 nomine
1226 2117 1424 2205 compellavit,

253 2200 359 2264 ludens
392 2196 481 2263 simul
515 2197 621 2286 opinor
657 2196 848 2284 ambiguitate
880 2197 1033 2279 vocabuli,
1081 2198 1157 2284 quod
1196 2199 1233 2265 de
1269 2203 1423 2290 probrosis

254 2284 426 2350 mulieribus
452 2302 596 2371 usurpare
617 2280 699 2346 soliti
720 2288 822 2380 erant,
834 2281 1063 2377 transferentes
1084 2290 1117 2348 ut
1136 2283 1252 2352 violetur
1272 2308 1292 2352 a
1311 2287 1425 2355 lasciva

223 2365 1019 2519 {iffi”tilttclhltl'f‘'cnl‘lt'hltt
1036 2369 1426 2525 ill-illig‘lhii

257 2539 367 2608 Maeho
388 2558 435 2627 ap.
455 2473 567 2604 hlheu.
588 2533 674 2602 XIII.
694 2471 810 2624 pili&
831 2533 876 2600 u:
1040 2472 1059 2539 q
1167 2476 1211 2522 en
1229 2477 1293 2524 rem
1314 2479 1346 2524 m

335 2620 375 2690 ‘O
395 2627 450 2689 sod
472 2618 669 2708 Σοφοκλέους
689 2619 854 2705 Δημοφῶν
875 2613 1024 2703 ἐρώμενος

343 2709 411 2792 Τὴν
430 2703 516 2792 Αἶγα
536 2701 643 2784 Νικώ,
664 2703 873 2791 πρεσβυτέραν
893 2695 1005 2784 οὖσαν,
1028 2706 1101 2771 ποτέ

342 2794 425 2872 Νέος
445 2789 488 2858 ὢν
508 2788 553 2858 i'c'
576 2789 671 2868 αὐτὸς
691 2786 785 2872 εἶχεν·
807 2791 978 2856 ἐπεκαλεῖτο
1000 2789 1033 2855 δ’
1057 2790 1120 2871 αἲξ,

335 2875 406 2944 Ὅτι
426 2877 480 2942 τὸν
504 2874 602 2961 μέγαν
627 2873 699 2942 ποτ’
722 2873 788 2940 ὅντ’
813 2874 945 2960 ἐραστὴν
970 2877 1140 2962 κατέφαγεν

345 2960 485 3027 Θαλλόν·
507 2956 700 3047 παρεγενήθη
720 2959 779 3045 γὰρ
790 2962 843 3046 ,εἷς
863 2957 919 3042 τὴν
932 2960 1071 3046 Ἀττικὴν

339 3043 545 3129 Ὠνηοόμενος
562 3043 748 3128 χελιδονεέας
769 3041 900 3126 ἰσχάδας

338 3127 506 3214 Ὑμήττιόν
524 3153 558 3195 τε
579 3124 800 3215 φορτιούμενος
819 3129 900 3210 με’λι.

280 3235 432 3302 uamquam
453 3233 515 3280 non
534 3235 615 3303 nego
626 3213 838 3296 Athenienses,
858 3213 993 3279 homiues
1008 3213 1216 3303 lepidissimus,
1237 3219 1324 3284 simul
1339 3219 1423 3286 etiam

259 3239 345 3381 illud,
366 3299 442 3386 quod
462 3297 572 3365 Mache
594 3299 666 3382 vult,
689 3301 878 3388 spectavisse.
898 3299 974 3363 Nico
994 3319 1066 3364 vero
1086 3301 1145 3367 ista
1164 3303 1281 3368 videtur
1300 3306 1424 3372 maxime

263 3394 332 3456 aute
363 3385 479 3452 initium
509 3383 582 3450 helli
606 3383 854 3474 Peloponnesiaci
886 3382 1046 3466 floruisse,
1088 3387 1318 3474 quandoquidem
1347 3391 1424 3456 illam

263 3478 360 3538 aetate
379 3471 439 3536 iam
460 3469 622 3534 conlectam
643 3467 820 3558 Demophon
841 3467 997 3572 Sophoclis
1039 3477 1123 3536 oetae
1144 3474 1271 3538 amasius
1292 3475 1424 3564 perhihe-

262 3566 313 3623 tur
333 3555 498 3622 amavisse:
528 3549 690 3644 Sophocles
719 3560 816 3620 autem
842 3560 899 3620 etsr
924 3489 1049 3620 invenlt
1075 3562 1105 3624 et
1125 3557 1296 3626 confirmata
1313 3581 1424 3648 quoque

264 3647 361 3708 aetate
381 3659 538 3732 puerorum
565 3639 658 3704 amori
679 3638 821 3722 indulsit,
849 3639 909 3706 vid.
931 3637 1042 3705 Athen.
1063 3639 1148 3707 XIII.
1169 3663 1199 3731 p.
1219 3643 1283 3709 663
1303 3657 1334 3710 et
1354 3643 1423 3727 uod,

264 3747 361 3794 senex
387 3733 486 3792 umen
511 3723 675 3815 voluptates
701 3723 775 3790 istas
802 3744 863 3788 uon
889 3724 1014 3813 amplius
1040 3724 1235 3808 desideravit,
1261 3729 1321 3795 vid.
1341 3729 1424 3796 Plato

265 3811 304 3878 de
333 3811 462 3902 Repuhl.
487 3808 514 3876 I.
538 3831 568 3900 p.
588 3810 652 3876 329
671 3807 711 3874 B.
751 3808 919 3874 Aeschines
948 3808 1045 3875 Eist.
1075 3809 1114 3880 V.
1139 3809 1263 3902 pidid.
1323 3813 1425 3882 Cicero

267 3896 306 3962 de
326 3896 486 3963 Senectute
512 3916 538 3960 c.
559 3892 602 3962 14
627 3900 658 3960 et
677 3893 780 3963 Valer.
799 3892 925 3960 Maxim.
991 3897 1057 3978 .3,
1077 3899 1115 3979 2,
1176 3919 1328 3984 numquam
1354 3921 1425 3966 oom-

267 4001 361 4132 ppssps
397 4003 463 4050 cum
504 3979 557 4046 illo
593 3979 636 4048 So
656 3978 758 4045 hocleo
797 3977 892 4062 dicto,
934 4002 972 4047 ea
1010 4001 1085 4067 quac
1124 3917 1220 4049 relert
1258 3984 1424 4050 Athenaeus

345 4087 408 4156 .p.
428 4068 493 4134 592
513 4065 555 4132 A.
587 4073 617 4132 et
677 4064 865 4130 ermesianax
890 4065 961 4131 ihid.
1009 4065 1103 4132 ‚⁵98
1123 4065 1160 4132 (λ
1222 4067 1336 4134 Eadem
1359 4089 1425 4135 uero

268 4150 345 4218 roeo
365 4156 466 4236 anua,
496 4149 622 4216 florente
647 4155 681 4216 ut
699 4149 817 4216 videaur
837 4154 948 4231 οολαλο,
979 4085 1016 4214 ah
1036 4149 1095 4216 istu
1116 4149 1229 4220 'lhallo
1248 4155 1306 4220 fuit
1326 4161 1425 4237 amau,

272 4255 357 4321 quem
389 4255 449 4300 una
481 4255 549 4301 cum
581 4235 643 4301 filio
674 4232 729 4301 sa
747 4235 1081 4326 hnuoocommemorare
1114 4235 1232 4304 videar
1255 4239 1371 4327 Lysias
1396 4239 1426 4304 in
1453 4271 1455 4278 ·

271 4320 405 4387 orahone
436 4319 474 4386 de
499 4319 585 4387 honis
614 4318 735 4410 Aristop
796 4319 804 4336 '
848 4317 884 4408 ᾗ.
905 4317 948 4388 dd
977 4325 1116 4408 tunquam
1146 4321 1292 4392 hominem
1307 4325 1426 4394 ditissi
