3052 5060
358 330 416 396 nn
438 329 581 406 namo.
599 301 792 398 'concub
810 329 917 435 aar.
934 331 1083 406 annno.
1230 334 1304 404 ιιι

7 575 8 586 χ
134 520 217 564 vern.
229 499 315 566 aliam
335 497 522 588 tetralogiam
537 497 689 588 Euripidis
710 496 796 564 modo
817 497 931 564 doctam
951 498 1094 588 elegerit,
1112 500 1147 564 ἰιι1
1165 515 1222 587 qua
1243 522 1304 567 nun

133 586 278 654 minorem
313 587 418 674 opinor
447 583 684 674 reprehendendi
713 585 867 648 materiam
898 586 1069 674 reperisset.
1116 585 1161 650 At
1193 587 1305 654 dixerit

133 671 264 735 fortasse
285 671 427 758 quispiam
449 668 603 758 Telephus
630 669 657 734 si
678 689 752 754 quae
773 669 832 734 alia
852 668 1004 757 Euripidis
1030 671 1186 757 tragoedia
1211 672 1304 760 digna

114 755 205 843 qluit,
237 774 311 840 qnae
342 755 624 843 reprehenderetur:
663 753 861 833 fatcor31ed
891 775 1071 843 magnopere
1103 764 1222 838 errant,
1254 757 1303 843 qui

124 840 305 904 texistimant
322 840 552 928 Aristophanem
564 840 621 904 hoc
642 839 728 902 unice
751 839 942 940 spectavisse,
963 848 995 904 ut
1016 841 1071 904 hoc
1092 839 1202 904 illudve
1217 864 1304 930 prae-

154 931 252 989 ostere
274 947 308 989 ac
328 947 470 1014 perverse
491 925 598 989 dictum
619 925 651 988 in
673 923 816 1012 Euripide
826 925 1070 1012 reprehenderet:
1091 928 1304 1012 prorsusenim

109 945 189 1074 hoc
202 1010 375 1097 adignitate
393 1011 529 1094 antiquae
550 1009 717 1074 comoediae
739 1009 897 1090 abhorret,
917 1009 1037 1074 minime
1058 1021 1153 1074 autem
1168 1012 1306 1076 convenit

132 1095 267 1159 instituto
296 1095 383 1159 huius
408 1095 543 1159 fabulae:
576 1115 748 1180 quamquam
775 1094 831 1158 boc
858 1094 973 1178 quidem
999 1095 1084 1179 quale
1111 1096 1218 1178 luerit,
1252 1097 1304 1161 ho·

132 1181 229 1244 mines
251 1179 474 1249 docti-omnino
500 1179 724 1268 ignoraverunt.
755 1177 974 1266 Aristophanes
1000 1189 1064 1244 cum
1091 1181 1123 1243 in
1145 1179 1306 1246 Daetalou·

132 1263 216 1329 sibus
238 1265 327 1328 vitam
348 1266 510 1354 privatam,
532 1265 565 1328 in
585 1263 762 1350 Babyloniis
783 1264 915 1351 publicas
936 1285 985 1328 res
1008 1265 1172 1350 attigisset,
1193 1266 1305 1333 iamin

132 1348 378 1414 Acharneusibus
410 1350 570 1438 imaginem
599 1349 679 1414 vitae
704 1347 933 1413 Atheniensium
970 1351 1137 1438 proposuit,
1169 1371 1243 1436 quae
1275 1357 1305 1416 ot

132 1432 222 1498 latius
243 1442 356 1523 pateret
376 1441 406 1499 et
426 1435 524 1522 magis
545 1435 633 1500 eham
654 1434 735 1498 clara
755 1440 785 1498 et
804 1435 960 1536 perspicua
980 1441 1088 1500 esset·
1104 1433 1169 1508 Qua
1190 1436 1305 1520 quidem

132 1518 167 1583 in
187 1541 221 1583 re
248 1521 376 1586 maxime
403 1519 582 1584 admiramur
601 1527 706 1607 poetae
727 1519 816 1585 animi
849 1519 1081 1606 magnitudinem
1109 1527 1140 1584 et
1169 1530 1305 1586 constan-

120 1605 214 1668 ·tiam.
252 1605 329 1670 Nam
351 1627 414 1670 cum
435 1605 468 1668 in
489 1603 666 1691 Babyloniis
688 1625 796 1671 severa
816 1605 1025 1691 oasdgatione,
1053 1604 1186 1688 seiuncta
1207 1613 1306 1671 mmen

133 1689 287 1755 iracundia
308 1697 359 1754 aut
378 1689 569 1771 contumelia,
591 1689 735 1754 adversus
756 1689 839 1754 uiros
859 1689 1017 1778 populares
1039 1711 1109 1756 usus
1136 1699 1232 1771 esset,
1254 1691 1305 1756 ad-

7 1783 8 1794 *
133 1777 333 1839 versariorum
353 1775 485 1864 potentia
505 1793 687 1860 nequaquam
707 1775 741 1840 in
762 1774 895 1838 timorem
918 1774 1077 1850 coniectus,
1100 1775 1305 1860 quodquidam

134 1859 280 1925 niuvene
301 1868 403 1948 poeta,
446 1861 495 1944 qni
521 1867 631 1926 mutam
658 1859 915 1948 praesetulerat
940 1859 1111 1926 modestiam
1133 1861 1306 1930 verecondi-

133 1966 254 2030 amqse,
280 1965 368 2009 nemo
388 1945 538 2030 quisquam
561 1951 800 2032 exspectaverat,
824 1941 936 2026 Cleon,
963 1944 1012 2028 qui
1042 1943 1096 2010 illa
1115 1952 1211 2010 aetate
1239 1952 1306 2032 post

122 2029 261 2094 Periclis
283 2030 445 2111 discessum
467 2029 658 2118 reipublicae
679 2029 911 2117 gubernaculum
932 2029 1061 2110 tenebat,
1083 2037 1198 2117 poetam
1216 2030 1305 2100 mins

132 2115 259 2196 vocavit,
280 2113 357 2200 quod
369 2114 476 2203 populi
496 2114 659 2180 rectombns
680 2114 894 2194 maledixisset,
915 2114 968 2178 sed
989 2116 1110 2180 frustra
1132 2113 1305 2182 Enimvero

132 2198 367 2288 Aristophanes,
395 2201 477 2265 udus
505 2199 632 2264 anianum
658 2200 767 2288 optimi
780 2199 898 2266 consilii
918 2199 1099 2264 conscientia
1119 2221 1318 2285 summusque-

132 2285 248 2386 patriao
275 2305 358 2350 amor
386 2285 630 2366 obfirmaverant,
673 2284 765 2350 nullis
791 2285 879 2354 minis
907 2285 1099 2372 perterritos,
1133 2283 1217 2350 nulla
1252 2305 1307 2374 spe

132 2371 280 2452 mdnctns‚
301 2390 411 2456 magno
432 2369 521 2436 animi
538 2370 763 2457 perseverantia
783 2370 813 2436 id
829 2369 905 2456 quod
919 2391 1028 2440 ,verum
1049 2377 1216 2455 rectumque
1237 2387 1306 2438 esse

115 2459 121 2468 '
153 2461 328 2543 erspexerat
360 2461 478 2520 secutus
499 2461 569 2520 *est
624 2453 709 2520 Mala
743 2461 840 2520 comm
900 2455 1072 2538 rarissima,
1122 2476 1196 2540 quae
1233 2455 1305 2522 belli

155 2541 310 2606 'obrrnitas
332 2546 363 2604 et
383 2540 544 2606 acrimonia
568 2540 601 2605 in
626 2539 690 2606 dies
717 2545 861 2622 auxerat,
877 2475 944 2604 lunc
970 2561 1083 2626 quoque
1110 2561 1188 2606 anno
1215 2541 1306 2608 vehe-

7 2659 8 2664 1
132 2633 248 2693 menter
268 2623 470 2690 Athenienses
492 2626 655 2690 vexabantc
682 2646 751 2690 nam
776 2625 962 2698 combustos
990 2627 1145 2710 quotannis
1168 2626 1306 2714 irruptio-

132 2733 202 2778 nem
223 2711 256 2774 in
269 2709 405 2778 Arciam
432 2711 581 2791 lacerent,
608 2731 767 2796 omnesque
787 2710 869 2774 vicos
896 2717 927 2774 et
947 2710 1082 2774 aedilicia
1102 2711 1305 2792 incenderent,

133 2817 226 2887 agros
252 2795 515 2884 depopularentur,
541 2795 710 2880 incolasque
740 2795 918 2883 spoliarent,
955 2795 1153 2881 agricolarum
1185 2796 1328 2883 inopum¹

124 2881 263 2949 numa
288 2881 494 2946 multitudoiu
516 2879 788 2968 nrbemcompnlsa
807 2880 897 2952 ιίιιιιιι
918 2879 959 2946 ibi
984 2880 1076 2947 traxit
1095 2880 1304 2945 miserrimam:

123 2967 318 3052 maximeque
339 2967 397 3032 ista
418 2965 568 3056 calamitas
586 2963 1006 3054 oppresseratAcbarnenses,
1022 2965 1077 3114 qui
1092 2965 1305 3054 cumimpetum

132 3052 260 3122 besdum
283 3072 342 3116 non
369 3057 491 3139 possent
517 3050 679 3134 sustinere,
707 3049 819 3116 relictis
845 3049 1000 3118 domiciliis
1054 3051 1157 3116 thenas
1180 3069 1213 3120 se
1236 3071 1305 3117 cou-

26 3137 29 3150 ’
132 3138 268 3203 iecermt
293 3136 533 3226 splendidumque
563 3137 692 3224 speciem
717 3136 799 3204 urbis
826 3135 946 3204 sordido
983 3135 1061 3200 culto
1095 3138 1209 3218 (erant.
1226 3136 1304 3202 enim
1341 3179 1344 3184 -

132 3223 296 3290 maximam
329 3227 441 3310 portem
474 3221 677 3304 carbonarii,)
710 3221 916 3290 foedaverunt.
964 3219 1104 3294 Quamvis
1137 3228 1232 3286 autem
1273 3221 1306 3288 iu

124 3308 315 3395 *gravissima
327 3306 491 3372 calamitate
506 3305 783 3394 versareturpopuli
795 3305 958 3386 multitudo,
968 3306 1197 3374 tamennolebat
1207 3307 1305 3384 exhis

132 3392 273 3482 procellis
295 3392 609 3480 et'tempestalihusin
630 3398 720 3458 tutam
732 3399 846 3479 portum
858 3391 945 3463 conlo
971 3413 1036 3473 ere,
1050 3399 1306 3480 ¹etpraetercotq-

132 3497 185 3542 ros
199 3475 429 3558 Acharnenses,
450 3475 534 3564 copia
555 3482 585 3540 et
599 3475 707 3543 virtute
724 3497 782 3544 soa
802 3475 884 3557 laeti,
905 3411 1012 3549 bellom
1029 3478 1215 3566 expetebant
1238 3475 1305 3552 Hoc

105 3555 113 3590 s
132 3561 266 3628 bellandi
286 3561 414 3628 stadium
434 3561 592 3664 populares
619 3561 752 3628 honines
775 3561 880 3633 callide
902 3561 1070 3632 excitabant
1091 3564 1305 3646 excitatumque
1404 3609 1411 3619 .

125 3647 368 3728 enumerabant,
396 3667 447 3730 qm
462 3653 537 3714 stum
556 3645 681 3715 demum
701 3645 907 3725 multitudinis:
921 3646 1034 3714 animus
1062 3647 1100 3712 ad
1130 3667 1200 3712 suos
1223 3668 1304 3717 -nsuo

123 3738 320 3814 convenere,
341 3731 378 3796 nd
400 3751 483 3800 suam
504 3730 681 3804 volontatem
695 3731 866 3819 adiungere
879 3737 1024 3820 poterant,
1039 3732 1189 3800 ,sicinium
1207 3732 1304 3809 studia

129 3817 322 3882 extrinsecus
349 3823 436 3883 erant
463 3823 611 3904 occupatu.
653 3816 717 3887 lom
748 3817 862 3966 populi·
881 3817 1059 3888 estuantem
1090 3825 1122 3890 nt
1152 3817 1305 3892 flecterent

134 3911 203 3989 qno‘
221 3902 345 3984 vellent,
377 3902 510 3966 credone
531 3903 719 3990 potissimum
753 3923 789 3972 us
827 3909 910 3968 suut:
947 3903 1004 3970 bac
1033 3903 1111 3968 enim
1144 3901 1305 3980 flexanima
1395 3967 1401 3978 ,

134 3995 222 4074 atque
250 3989 377 4055 nmmum
404 4009 504 4082 rorum
520 3986 647 4075 ,regim
665 3986 778 4058 animos
804 3985 894 4061 facile
916 3987 977 4084 acri
998 3994 1029 4060 et
1047 3987 1215 4058 vehementi
1235 4009 1308 4076 qua·-

426 4093 435 4136 ι
606 4105 614 4118 ··
652 4105 656 4113 ·
932 4113 936 4126 .

84 4299 87 4306 ·
134 4292 189 4346 aa.
207 4263 275 4359 nq'q.
292 4259 344 4344 ιἰι
366 4298 394 4344 a
410 4255 487 4360 star,
509 4292 581 4347 uus.
599 4278 660 4360 sss,
686 4293 749 4348 rac.
768 4293 829 4361 ιιι,
853 4291 1015 4361 Thesmoph.
1033 4291 1093 4359 ιιι,
1114 4293 1226 4358 nysae.
1244 4291 1305 4360 ιιι,

135 4361 205 4414 Rau.
224 4356 301 4412 1447.
325 4359 435 4414 Gresm
458 4367 546 4457 autern
568 4361 597 4414 in
615 4363 710 4458 vespis
727 4379 752 4417 r·
769 4361 830 4432 759,
852 4361 1012 4457 Alcestidem
1029 4361 1099 4416 Nnb.
1119 4359 1194 4430 illd,
1217 4362 1306 4416 Thes-

131 4427 265 4498 ·mephor..
275 4423 335 4482 sol.
