3096 5062
358 297 418 370 ou
440 295 919 375 mutatoriorum.
942 299 1089 379 ANTlll·
1130 331 1132 338 ¹
1179 317 1184 330 '
1237 302 1302 374 24⁹

138 489 230 538 mum:
267 462 416 556 Στεφάνῳ
443 467 478 534 δέ
495 471 541 557 τῷ
565 467 692 533 Galloni
719 465 835 552 ἐλέγετο
862 449 938 534 ιίναι
963 469 1055 536 πλίον
1075 464 1095 554 ἢ
1116 463 1302 555 πεντήκοντα

137 551 309 634 ταλάντων,
335 548 550 629 ἀποθανόντος
576 552 608 617 δ’
636 551 656 636 ἦ
683 549 773 618 oriola
799 547 897 702 ἐράνη
928 556 997 642 περὶ
1024 556 1128 620 ίνδεκα
1154 554 1302 624 τάλαντα.

136 638 216 705 lllml
236 639 352 726 quidem
372 644 483 704 certum
503 637 620 704 videtur
639 637 718 703 huuc
733 635 816 704 Thal
828 659 876 704 um
897 645 965 705 aute
986 638 1094 706 hellam
1114 639 1302 730 Peloponne·
1439 633 1443 640 ’

137 725 250 790 siacum
281 725 331 790 vcl
361 729 441 788 certe
471 723 526 788 suh
558 722 674 789 initium
704 722 769 788 eius
799 721 870 788 belli
897 721 1033 790 Athenas
1061 745 1096 790 se
1127 726 1300 797 contulisset

136 807 220 873 nullo
240 809 334 898 igitur
352 817 437 898 pacto
458 807 535 872 idem
555 809 648 897 potuit
668 806 756 872 etiam
774 806 887 872 Nannii
907 809 1070 874 meretricis
1092 812 1303 878 consuetudine

137 893 199 976 uti,
228 914 302 980 qnae
322 895 412 960 multo
432 897 501 986 post
519 891 605 958 vixit
634 892 814 978 Quamquam
833 891 1008 958 Athenaeus
1027 893 1112 960 Xlll.
1132 914 1163 984 p.
1182 895 1247 962 587
1262 895 1303 964 A.

137 977 210 1044 uicit
232 985 353 1068 propter
378 981 457 1046 hunc
482 977 578 1066 ipsum
599 977 705 1043 Thalli
731 997 860 1042 amorem
879 976 1030 1044 Naunium
1051 999 1215 1068 cognomen
1238 980 1304 1045 Ga-

134 1068 252 1142 peltae
277 1063 440 1154 accepisse:
472 1062 610 1132 Ναννίου
638 1062 673 1128 δέ
693 1057 857 1148 Ὑπερίδης
882 1059 1063 1146 μνημονεύει
1095 1067 1128 1130 ἐν
1152 1069 1197 1152 τῷ
1223 1064 1304 1130 κατά

138 1147 373 1234 Πατροκλέους·
395 1147 473 1233 αδτη
495 1148 522 1216 δ’
546 1143 592 1211 δτι
604 1145 676 1224 Al}
696 1147 868 1213 ἐπεκαλεῖτο
889 1149 1071 1232 προείπομεν
1091 1146 1143 1213 διδ
1164 1147 1200 1213 τδ
1217 1150 1305 1214 Θαλ-

138 1230 194 1298 λδν
213 1231 267 1298 τδν
287 1229 424 1318 κάπηλον
444 1235 635 1312 ἐξαναλῶσαι
656 1236 723 1296 κτλ.
749 1237 779 1296 et
800 1231 936 1298 similiter
955 1230 1153 1322 Harpocratio
1178 1255 1208 1322 p.
1230 1235 1305 1318 130,

140 1318 198 1384 13:
240 1314 390 1383 Νάννιον·
416 1316 579 1406 Ὑπερίδης
604 1317 636 1382 ἐν
666 1321 712 1406 τῷ
738 1315 817 1380 κατὰ
843 1317 1078 1403 Πατροκλέους,
1120 1320 1147 1383 sl
1171 1313 1305 1403 γνήσιος.

133 1399 366 1489 Ἀπολλόδωρος
396 1404 499 1471 ἐντῶ
530 1403 597 1487 περὶ
631 1398 696 1468 ἔται
727 1405 743 1424 ”
786 1395 872 1485 Αἶγα
902 1402 1051 1486 λέγεσθαί
1081 1427 1158 1489 φησι
1189 1399 1306 1487 ταάτην

139 1487 197 1570 τὴν
226 1484 350 1574 ἑταίραν
380 1487 432 1553 διδ
463 1469 499 1555 vl
531 1484 655 1555 Θαλλὸν
680 1425 903 1570 τδέίέκάπηλον
928 1497 1117 1574 καταφαγεῖν
1141 1491 1205 1553 κτλ.
1248 1489 1307 1556 elai

140 1577 237 1636 autem
261 1571 314 1638 ille
340 1573 428 1638 etiam
454 1571 637 1664 Apollodoro
665 1577 741 1638 teste
767 1571 873 1653 utitur,
903 1573 975 1638 mihi
1001 1580 1100 1638 tamen
1126 1579 1247 1660 uterquc
1272 1573 1306 1639 in

139 1676 243 1722 errore
268 1656 385 1723 videtur
409 1660 544 1725 uersari:
577 1655 705 1724 arbitror
731 1655 810 1722 euim
839 1655 921 1722 illam
947 1658 1130 1724 meretricem
1155 1658 1307 1724 Nanuium

140 1763 214 1809 saue
240 1739 393 1831 Capellam
421 1751 554 1809 vocatum
582 1762 666 1822 esse,
702 1739 757 1806 sel
790 1761 851 1806 non
877 1747 1033 1829 propterea
1059 1742 1136 1828 quod
1163 1741 1306 1809 Thallum

140 1832 300 1891 amatorem
326 1827 478 1910 hahuerit,
505 1824 723 1913 quodquidam
751 1824 784 1888 in
803 1824 947 1890 Nicouem
973 1826 1064 1900 cadit:
1092 1825 1306 1915 Apollodorum

141 1916 253 1992 numm,
275 1931 360 1995 qoem
381 1918 412 1975 et
431 1912 604 1977 Athenaeus
626 1915 656 1974 et
675 1907 872 1998 Harpocratio
893 1909 1039 1996 sequitur,
1061 1931 1125 1976 curu
1145 1913 1308 2000 reperisset

140 2001 235 2060 utram
255 2017 293 2058 ue
313 1995 496 2060 meretricem
517 1995 620 2062 eodem
639 1994 815 2082 cognomine
835 1999 951 2059 notatas
972 2015 1056 2078 esse,
1077 2002 1189 2062 tammo
1209 1997 1308 2062 omnia

141 2015 374 2145 conturlsavisse.
396 2080 535 2146 Ceterum
553 2081 698 2146 Niconem
718 2078 821 2144 cadom
842 2078 1038 2167 appellatione
1057 2101 1162 2146 rursus
1182 2088 1309 2146 exornat

141 2163 252 2230 Matho
283 2185 330 2254 ap.
356 2164 544 2230 Athenaeum
572 2162 659 2230 XIII.
685 2183 714 2252 p.
741 2164 806 2230 ⁵83
833 2162 870 2230 C.
899 2170 929 2228 et
953 2164 1098 2250 Lynceus
1129 2186 1159 2254 p.
1179 2164 1243 2232 584
1268 2165 1308 2232 F.

141 2247 316 2337 Poliagrum
343 2259 439 2314 autem
465 2249 564 2333 illum,
600 2271 685 2336 quem
710 2255 801 2314 uexat
828 2246 986 2331 Cratinus,
1018 2261 1141 2314 uxorem
1168 2249 1307 2316 hahuisse

141 2333 337 2416 meretricem,
358 2335 469 2400 cniuso
490 2357 542 2400 era
562 2356 591 2400 m
655 2354 688 2398 as
700 2333 759 2398 sihi
779 2353 842 2398 com
863 2334 1130 2411 araveritdivilias,
1153 2335 1307 2423 cognosci·

142 2440 208 2486 mus
229 2419 316 2484 etiam
333 2439 373 2484 ex
384 2417 472 2509 Alcip
510 2440 567 2484 ono
625 2419 709 2508 .62:¹
723 2415 816 2501 Είμη
863 2415 1309 2505 ολιάγρουτοῦκυρτοῦκακά-

142 2498 1309 2675 {ttlttttttttttttttttttttttttttfttlt‘httt

145 2674 212 2739 duis
242 2674 415 2738 comicorum
440 2675 557 2764 probris
585 2680 616 2738 et
640 2695 668 2739 uu
700 2673 803 2738 edictis
830 2673 948 2738 tandem
975 2693 1011 2738 eo
1039 2680 1085 2738 est
1111 2672 1247 2755 adactus,
1276 2684 1310 2739 ut

144 2759 237 2823 vitam
262 2758 422 2846 suspendio
449 2759 550 2824 liniret
600 2757 628 2824 si
653 2778 727 2822 vera
757 2763 860 2824 narrat
884 2756 1172 2830 Aeflanusvariar.
1193 2757 1310 2834 Histor.

145 2841 186 2914 V·
205 2842 243 2910 8:
268 2838 436 2929 Σωκράτης
455 2844 512 2925 μέν
532 2806 587 2908 olo
607 2837 849 2929 κωμῳδοάμενος
874 2841 976 2926 ἐγέλα,
997 2843 1174 2926 Πολίαγρος
1195 2842 1230 2906 δέ
1249 2841 1311 2906 άπ-

144 2925 269 3012 ήγξατο.
312 2927 452 2994 Ceterum
480 2931 539 2994 iam
565 2927 756 3016 Boettigcrus
782 2925 885 2992 Praef.
905 2923 1082 2992 Amaltheae
1109 2925 1151 2992 T.
1171 2925 1212 2992 Π.
1237 2925 1311 3016 pt

145 3013 310 3164 puspicatus
331 3020 378 3080 est
397 3013 471 3079 illud
490 3014 690 3104 fragmentum
711 3010 788 3103 apud
807 3010 999 3078 Plutarchum
1014 3009 1138 3078 Cratino
1158 3011 1310 3078 uindicau-

166 3120 215 3164 nm
235 3120 313 3164 esse.

230 3183 290 3249 llis
317 3181 469 3248 suhiiciam
494 3203 589 3272 pauca
614 3181 756 3268 quaedam
782 3180 820 3248 δα
845 3181 1024 3248 incertarum
1052 3179 1219 3246 fabularum
1248 3181 1311 3248 lra-

147 3271 286 3358 gmeutis.
328 3267 370 3332 Et
409 3268 514 3333 rimum
535 3268 651 3355 quidem
675 3266 764 3350 illul,
797 3266 874 3352 quod
893 3265 1031 3332 Zonaras
1052 3264 1094 3332 T.
1114 3265 1155 3331 Π.
1175 3287 1205 3356 p.
1227 3268 1310 3334 1366

147 3375 188 3420 ex
206 3351 329 3420 Cratino
351 3375 369 3418 a
395 3360 450 3436 ert,
470 3353 513 3418 ita
533 3361 580 3420 est
600 3351 855 3441 distinguendum

234 3439 406 3503 Φαίνεσθαι
423 3442 552 3523 χρυσῆν,
573 3437 645 3503 κατ’
664 3435 780 3526 άγροδς
800 3436 832 3502 δ’

231 3515 339 3600 Αὖθις
360 3513 400 3586 al
419 3524 619 3605 μολυβδίνην.

187 3629 339 3696 ogenerc
364 3609 451 3673 metri
471 3629 543 3674 usus
569 3615 617 3674 ost
635 3607 832 3674 Pherecrates
858 3606 891 3672 in
910 3603 1001 3672 Foris
1023 3604 1201 3674 Hominibus
1228 3611 1259 3670 et
1278 3606 1312 3674 iu

146 3629 332 3794 Cunpmhs:
360 3713 531 3844 ‹puamquam
550 3703 676 3784 possunt
699 3694 732 3758 hi
757 3691 873 3758 articuli
893 3713 1032 3758 ramnum
1053 3692 1139 3758 ctiam
1165 3690 1198 3756 in
1221 3711 1312 3760 uuum

149 3779 301 3867 coniungi,
321 3785 354 3842 ul
385 3778 536 3866 egitimum
558 3779 598 3844 sit
617 3786 740 3846 motuum
750 3777 956 3868 Eupolideum,
976 3797 1032 3862 quo
1053 3776 1168 3862 quidem
1189 3795 1312 3840 numero

148 3865 209 3931 ium
230 3862 372 3930 Cratinus
393 3885 465 3930 usus
486 3871 550 3948 est,
571 3872 604 3930 ut
622 3865 655 3928 in
667 3863 856 3930 Effeminatis
878 3885 924 3952 ap.
937 3863 1047 3927 Athen.
1066 3859 1133 3930 XV.
1149 3859 1310 3950 p-685B:

233 3949 402 4026 Παντοίοις
421 3973 453 4054 γε
473 3947 536 4032 μὴν
555 3947 693 4034 κεφαλὴν
713 3947 862 4031 άνδίμοις
881 3947 1055 4033 ἐρέπτομαι,

234 4034 389 4120 Λειρίοις,
412 4031 531 4121 ρδδοις,
553 4035 698 4120 κρίνεσιν,
719 4029 996 4116 κοσμοσανδάλοις,
1017 4030 1075 4106 theg
1096 4031 1161 4096 κτλ

150 4119 345 4208 Eupohdeum
374 4118 549 4209 appellatum
578 4126 625 4186 est
658 4124 797 4202 metrum,
834 4118 969 4204 quoniam
996 4116 1045 4182 hic
1075 4121 1164 4203 poeta
1195 4121 1314 4206 practer

151 4211 267 4270 ceteros
288 4204 501 4288 frequentavit,
523 4204 660 4290 quodvel
679 4204 763 4294 ipsae
783 4203 996 4270 comoediarum
1017 4199 1160 4300 reliquiae
1179 4204 1314 4291 probant

151 4289 216 4356 lum
242 4287 364 4352 silicet
391 4290 587 4356 coniecturam
614 4289 745 4376 quamvis
770 4289 913 4354 incertam
938 4286 1115 4388 periohtarr‚
1142 4286 1315 4352 dictasunt

151 4375 228 4444 haec
253 4371 345 4440 acrba
371 4371 407 4438 dc
434 4373 555 4442 lucerua
576 4374 742 4462 (στίλβη),
772 4394 858 4460 quam
884 4384 1010 4442 rusucus
1035 4370 1143 4458 ¹aln’quis
1169 4373 1266 4450 hono
1281 4369 1315 4437 in
