3052 5060
234 295 297 362 coe
438 363 442 372 ,
509 343 512 356 ,
619 228 1025 382 uomiuuramouns

234 460 334 552 Hippo
362 459 457 548 igitur
482 458 511 522 si
534 456 721 547 Empedoclis
743 457 854 608 placito
884 457 1057 524 adversatus
1085 466 1147 541 est,
1179 460 1210 525 id
1238 460 1313 546 quod
1340 481 1405 526 nun

233 548 360 640 oluscuqe
381 553 420 609 ex
431 542 601 608 Aristotelis
623 543 687 608 loco
708 563 742 608 eo
767 545 887 632 igimus,
909 565 970 608 non
990 551 1087 632 potest
1108 545 1248 610 Thaletis
1269 546 1402 632 aequalis
1432 545 1435 552 ’

232 653 302 699 esse
332 629 504 714 videturque
554 648 657 692 rursus
691 627 729 692 ad
759 625 926 694 Pericleam
958 638 1082 694 aetatem
1112 630 1302 695 referendus.
1323 651 1404 696 esse.

318 714 519 782 Confirmatur
535 650 601 778 luco
621 713 709 778 etiam
731 712 789 778 alio
811 721 1003 800 argumento,
1030 713 1107 799 quod
1126 714 1238 780 relatus
1260 721 1307 780 est
1324 715 1407 780 iuter

233 823 297 884 eos,
318 800 368 887 qui
388 796 479 862 άθεοι
498 803 655 862 vocantur:
676 797 734 862 vicl.
750 797 932 863 ’Alexander
950 799 983 863 io
1004 797 1159 864 Aristotel.
1179 800 1303 886 Physic.
1324 799 1345 864 l.
1367 801 1406 866 L:

236 892 340 952 Τοῦτο
368 885 401 948 δὲ
422 880 563 966 luiponis
584 885 652 968 περί
674 879 770 946 nicoli
798 878 845 946 in
867 881 965 960 άθισς
982 874 1037 967 ἦν·
1068 888 1189 949 τοιαῦτα
1211 883 1269 971 γάρ
1295 887 1348 950 καὶ
1368 883 1407 950 τὸ

235 973 284 1039 ini
305 975 361 1036 τοῦ
382 964 485 1055 τάφον
507 967 604 1032 αὐτοῦ
627 969 822 1053 ἐπίγραμμα·

199 1087 201 1095 ⁸
312 1053 463 1130 Ἵππωνος
483 1049 554 1117 τάδε
574 1057 681 1136 σῆμα,
702 1051 755 1124 τὸν
776 1043 962 1118 ἀθανάτοισι
983 1057 1103 1118 aserai

252 1179 262 1192 ο
381 1131 464 1206 'loon
482 1139 623 1220 ἐποίησεν
645 1139 756 1221 Μοῖρα
777 1137 1019 1222 καταφθίμενον.

235 1224 322 1300 Quoi
348 1225 463 1310 quidem
482 1224 680 1312 epioramma
699 1223 771 1312 ipse
799 1218 974 1328 composuit,
1017 1221 1094 1288 sicut
1118 1221 1277 1287 memoriae
1328 1224 1410 1292 rodit

236 1310 377 1378 Clemens
398 1309 490 1374 Alex.
517 1275 566 1373 auf
577 1308 664 1374 Gent.
691 1330 720 1397 p.
740 1307 798 1386 aa:
836 1308 883 1371 οο
912 1307 1030 1388 νέμεσις
1056 1309 1157 1372 τοίννν
1189 1307 1261 1372 οὐδὲ
1280 1304 1295 1332 ‘¹
1308 1333 1410 1375 ππωνι

236 1395 497 1472 ἄνταθανατίζοντι
516 1393 570 1457 τὸν
583 1389 722 1458 θάνατον
742 1390 796 1456 τὸν
813 1387 943 1456 invicia
965 1388 1113 1456 ὃἽππων
1132 1391 1190 1478 γάρ
1204 1393 1411 1482 ἐπιγραφῆναι
1520 1413 1521 1420 ’

237 1479 372 1546 ἔκίλενσε
397 1486 441 1565 τῷ
463 1475 605 1586 μνήματι
631 1483 677 1565 τῷ
703 1475 815 1542 ἑαυτοῦ
837 1472 962 1542 τόδετὸ
991 1478 1134 1561 ἐλεγεῖον·
1154 1475 1310 1556 ’Ἵππωνος
1339 1479 1411 1546 τάδε
1520 1501 1521 1526 ¹

237 1570 324 1649 σῆμα
345 1567 411 1629 κτλ.
432 1565 479 1627 Eu
494 1585 526 1646 γε
540 1561 657 1627 Ἵππων
676 1557 867 1638 ἐπιδεικνύεις
888 1557 961 1642 ἡμῖν
980 1561 1038 1646 τήν
1059 1563 1257 1648 ἀνθρωπίνην
1278 1561 1410 1649 πλάνην·
1520 1559 1521 1596 ³

238 1653 265 1716 ελ
284 1649 342 1734 γὰρ
369 1649 420 1713 καλ
442 1649 587 1712 λαλούντί
612 1671 661 1712 σοι
682 1647 726 1730 μή
749 1643 978 1726 πεπιστεύκασι,
1006 1653 1113 1732 νεκροῦ
1135 1649 1329 1734 γενέσθωσαν
1348 1677 1414 1732 μοι·

238 1736 350 1818 θηταί·
393 1729 545 1820 Χρησμός
571 1722 663 1808 οὗτός
686 1734 768 1798 ἐστιν
787 1729 952 1808 Ἵππωνος·
995 1732 1151 1814 νοήσωμεν
1178 1730 1282 1800 αὐτόν.
1330 1735 1414 1802 Hinc
1520 1793 1521 1804 .

238 1819 417 1886 Plutarchus
443 1819 512 1884 adv.
540 1815 657 1883 Stoicos
686 1839 711 1884 c.
738 1819 781 1884 31
824 1839 890 1884 euni
922 1837 987 1884 cum
1014 1817 1177 1886 Theodoro
1216 1829 1246 1884 et
1275 1821 1415 1910 Diagora

239 1905 400 1994 componit:
447 1903 486 1968 Oi
506 1909 581 2010 γοῦν
601 1901 691 1968 λίθεοι
713 1902 1022 1989 προσαγορευθέντες.
1041 1894 1140 1980 οὗτοι,
1166 1901 1340 1990 Θεόδωροι,
1361 1908 1414 1972 καὶ
1520 1913 1521 1968 l

240 1987 409 2075 Διαγόραι,
431 1991 483 2054 καλ
497 1987 644 2064 Ἵππωνες
666 1987 722 2052 clix
743 1987 918 2072 ἐτόλμησαν
939 1991 1045 2068 εἰπεῖν,
1070 1989 1107 2053 τὸ
1128 1994 1215 2054 θεῖον
1235 1987 1282 2054 ὅτι
1304 1997 1415 2078 φθαρ-

239 2073 294 2142 τόν
321 2077 418 2153 ἐστιν,
447 2072 516 2137 ἀλλ’
536 2073 599 2137 oin
625 2075 819 2150 intersecui,
847 2071 889 2149 ὡς
917 2071 981 2138 λ’στι
1008 2097 1037 2138 τι
1066 2071 1220 2160 φθαρτόν.
1264 2084 1350 2164 atque
1372 2076 1415 2142 ito

240 2163 368 2242 lactum,
395 2165 428 2231 ut
448 2180 466 2222 a
486 2158 638 2223 nonnullis
660 2157 760 2259 Hippo
789 2164 944 2226 vocaretur
963 2157 1093 2240 Melius,
1125 2161 1260 2245 quoniam
1287 2177 1319 2227 ut
1339 2163 1415 2228 Dia-

265 2267 351 2328 oras,
378 2243 508 2309 divinum
530 2265 639 2306 numen
660 2264 779 2308 omnino
807 2243 963 2310 sustulisse
985 2244 1215 2330 credebatur⁹),
1237 2247 1297 2313 vid.
1319 2247 1415 2314 Clem.

241 2269 334 2397 ilex.
357 2328 479 2396 Cohort.
501 2327 538 2394 ad
561 2327 649 2393 Geut.
669 2347 699 2416 p.
722 2329 777 2394 15:
808 2325 982 2408 Θουμάζειν
1003 2326 1101 2394 ἔπεισί
1117 2355 1192 2409 μοι,
1221 2326 1282 2418 ὅτῳ
1308 2329 1415 2422 τρόπῳ

180 2489 185 2500 Ι
242 2411 403 2499 Εὐήμερον
423 2412 477 2476 τὸν
496 2411 732 2498 Ἀκραγαντῖνον
758 2415 811 2479 καὶ
832 2409 994 2499 Νικάνορα
1018 2413 1074 2478 τὸν
1092 2411 1236 2500 Κύπριον
1261 2419 1313 2481 καλ
1334 2419 1418 2484 Δια-

242 2495 338 2584 γόραν
364 2500 415 2562 καλ
429 2494 566 2562 Ἵππωνα
593 2498 646 2562 τὸν
667 2495 795 2580 Μήλιον
815 2535 872 2581 -,
893 2499 943 2562 ubi
963 2499 1065 2564 nescio
1087 2520 1126 2564 an
1148 2501 1357 2588 corrigendum
1379 2505 1418 2569 sit

242 2587 316 2660 τούς
343 2584 489 2667 Μηλίους
516 2583 618 2648 eodem
646 2589 746 2670 pacto,
787 2604 843 2669 quo
880 2591 1032 2669 utrumque
1058 2583 1263 2674 philosophum
1290 2587 1417 2656 Melium

242 2677 330 2737 vocat
349 2667 504 2734 Arnobins
523 2667 578 2738 IV.
600 2663 656 2733 29:
694 2672 746 2731 Ei
762 2691 938 2750 μοιεαιιιιιε
960 2675 1092 2753 γαίσων
1112 2668 1173 2734 boe
1199 2679 1237 2736 in
1258 2679 1329 2737 loeo
1346 2699 1417 2738 om.

180 2792 185 2802 ·
243 2779 305 2821 εισι
326 2763 410 2826 istoc
430 2757 534 2828 nobie,
557 2775 639 2837 γαοε
661 2759 823 2824 inducitis
838 2769 939 2838 αιγαε
956 2761 1143 2837 appellatio
1159 2762 1247 2834 deae,
1271 2760 1418 2826 Ιιοιιιίιιιιε

224 2845 355 2920 'faisen
386 2855 588 2916 monstrare,
621 2844 688 2902 vel·
706 2841 951 2921 Agragantino
983 2843 1148 2910 Εσωιιενο
1180 2850 1345 2925 replicato
1376 2883 1419 2896 -
1520 2895 1521 2898 ,

245 2931 305 2990 nel
332 2929 501 2989 Νίοιιοιονο
530 2928 675 3006 Cyprio,
710 2931 773 2988 nel·
800 2929 938 2989 Pellaeo
969 2927 1113 3005 Leonte,
1148 2934 1205 2992 cel
1230 2935 1418 3014 Cyrenensi

252 3012 440 3085 Theodoro,
469 3014 527 3072 ael
543 3013 701 3090 Hippone
724 3032 765 3072 ασ
785 3013 949 3092 Diagora
964 3014 1098 3076 Meliie.
1143 3013 1210 3079 Hoc
1237 3025 1334 3082 autem
1363 3017 1420 3084 uii-

246 3118 315 3161 men
335 3095 462 3159 maxime
482 3093 553 3158 incle
574 3093 740 3158 a'Periclis
768 3102 867 3160 ,aetate
896 3095 928 3158 in
953 3096 1144 3186 philosophos
1172 3105 1218 3163 est
1244 3102 1419 3184 coniectum,
1520 3163 1521 3172 ,

246 3180 384 3266 quoniam
416 3199 480 3242 cum
513 3177 550 3241 de
582 3199 681 3242 rerum
715 3169 822 3244 natura
861 3179 1089 3268 diligentissime
1122 3193 1298 3268 quaererent
1309 3235 1329 3268 ,„.
1364 3187 1421 3252 etsi

247 3265 340 3353 ipsam
363 3263 525 3328 doctrinam
551 3262 672 3352 propius
700 3263 737 3329 ad
764 3265 814 3344 iu,
844 3265 920 3350 quod
947 3287 1089 3332 summum
1117 3276 1178 3350 est,
1211 3270 1419 3357 admovebant,

248 3358 344 3414 tamen
384 3347 528 3436 principio
562 3348 725 3417 castitatem
757 3350 991 3438 religionemque
1028 3350 1149 3418 deorum
1189 3355 1420 3442 imminuebant,

249 3454 314 3498 cum
341 3432 492 3514 homines,
536 3433 585 3516 qui
611 3439 699 3498 autea
724 3455 840 3500 omnem
867 3435 945 3500 hunc
975 3435 1113 3510 mundum
1139 3447 1276 3525 tanquam
1298 3443 1422 3509 deorum

249 3516 426 3583 domicilium
453 3525 669 3604 suspexerant,
702 3519 760 3584 iam
786 3513 1026 3621 philosophorum
1054 3521 1178 3622 placitis
1192 3525 1288 3590 edocti
1314 3527 1421 3612 quibus

249 3603 374 3689 quilque
395 3602 482 3666 fieret
502 3603 619 3688 legibus
641 3606 795 3690 causisque
816 3613 1031 3694 persprcereut:
1063 3615 1106 3672 uta
1130 3609 1239 3698 sputum
1266 3617 1298 3675 ut
1325 3614 1423 3702 philo-

250 3688 355 3777 sophia
381 3693 500 3753 teneros
527 3687 689 3774 facilesque
714 3689 799 3778 vulgi
820 3691 951 3772 animos,
985 3692 1033 3778 qui
1058 3692 1152 3782 ipsam
1178 3696 1337 3762 veritatem
1360 3720 1423 3764 non

108 3753 132 3828 ⁴.
251 3775 324 3840 satis
345 3780 444 3840 mente
464 3778 494 3838 et
514 3776 828 3865 cogimtioneposseut
847 3777 977 3862 assequi,
998 3785 1196 3868 corrumperet
1216 3783 1313 3870 magis
1336 3803 1425 3870 qnam

252 3935 301 3944 ...a-

252 4114 282 4168 in
298 4045 598 4172 Nybiglrflorvsnsfflegoplem
615 4050 694 4104 modo
711 4051 833 4104 sicana
849 4007 920 4120 apud
936 4029 1141 4122 Aristophanem
1163 4015 1311 4122 appellatur
1327 4055 1426 4112 Melius

267 4235 271 4248 ¹
355 4185 437 4236 ΣΤΡ.
472 4185 558 4244 Δῖνος
573 4177 722 4252 βασιλεύει,
740 4179 790 4238 τὸν
807 4181 853 4236 Δί’
874 4181 1049 4252 ἐξεληλακώς.
1367 4233 1370 4240 .

358 4252 459 4303 ΦΕΙΔ.
492 4255 579 4320 Alpini
593 4257 620 4305 τί
634 4254 740 4325 ληρεῖς,
775 4253 858 4305 ΣΤΡ.
876 4251 951 4307 Ἴσθι
967 4249 1044 4307 τοῦθ’
1067 4250 1154 4316 ούτιος
1170 4255 1246 4326 ἔχον.
1345 4301 1347 4305 -

339 4353 342 4360 ,
359 4321 459 4372 ΦΕῙΔ.
496 4323 546 4382 Τίς
562 4334 631 4391 φησι
648 4321 747 4385 ταῦτα,
781 4321 864 4374 m.
887 4317 1036 4395 Σωκράτης
1052 4318 1067 4376 ὂ
1084 4317 1195 4391 Μήλιος

350 4386 407 4438 nai
425 4387 592 4460 Χαιρεφῶν,
618 4383 647 4450 ὃς
665 4381 722 4443 οἶδε
741 4385 773 4442 τά
792 4391 907 4458 ψυλλῶν
925 4391 998 4459 ἴχνη.
