3052 5060
352 349 576 428 DERELIQ.
599 351 1081 440 concamaratum.
1159 307 1166 320 ·
1244 369 1303 436 tot

129 516 236 584 deinde
247 537 320 584 vero
335 539 399 586 cum
410 519 628 675 Polyplpemum
649 523 759 626 furore·
773 519 998 630 arbitrarentur,
1013 531 1223 633 discesperuut.
1243 536 1304 602 lam

527 607 623 691 hxes,
645 629 777 696 quamtus
799 612 1025 680 adversantubus
1047 619 1151 702 socha,
1174 623 1306 710 exponit,

129 603 206 691 apud
228 601 391 668 Homerum
412 606 477 694 ipse

129 689 195 774 quis
217 687 274 769 sit,
295 709 329 754 v,
345 689 425 755 502:
998 761 1000 767 ,

213 769 373 855 Κύκλωψ,
396 774 435 838 αἶ’
450 772 501 838 κέν
522 774 568 849 τίς
588 797 622 838 σε
643 779 848 858 καταθνητῶν
873 775 1049 865 ῶνθρῶπαν

209 855 402 942 Ὀφθαλμοῦ
424 858 541 943 εἴρηται
563 857 711 942 ἀεικελίην
732 857 883 940 diomede,

216 939 347 1007 Φῶσθαι
364 943 523 1027 Ὀδυσσῆα
551 941 792 1028 πτολιπόρθιον
813 949 997 1028 ἐξαλαῶσαι,

216 1025 291 1092 Υἷδν
310 1027 479 1113 Λαέρτεω,
501 1027 609 1113 ’loten
631 1027 674 1092 i'uc
696 1029 771 1094 οἰκί’
795 1030 914 1116 ἔχοντα.

126 1111 202 1178 Item
223 1111 385 1202 Euripides
406 1133 435 1178 v.
457 1115 521 1180 690
543 1111 661 1179 Ulixem
684 1114 763 1200 loqui
784 1117 872 1181 facit:

216 1197 287 1262 ΟΛ.
333 1201 507 1264 Φυλακαΐσι
529 1203 658 1285 φρουρῶ
686 1199 768 1280 σῶμ’
786 1199 963 1278 Ὀδυσσέας
984 1199 1063 1268 adda.

212 1284 285 1347 ΚΥ.
327 1283 406 1358 Πῶς
426 1280 528 1364 εἶπας,
572 1280 670 1364 ὄνομα
690 1284 876 1365 μεταβαλὼν
896 1286 1003 1352 καινὸν
1021 1289 1132 1376 λίγιιςγ

215 1367 285 1432 ΟΔ.
321 1364 418 1453 Ὅπερ
439 1367 471 1451 γ’
497 1364 640 1453 ὁφιλσας
664 1368 702 1448 μ’
725 1367 859 1452 ῶνόμαζ’
879 1370 1042 1439 Ὀδυσσέα.
1172 1421 1175 1428 »

126 1452 162 1532 in⁸
179 1459 313 1518 extrema
333 1474 405 1518 vero
427 1451 529 1520 fabula
550 1460 718 1540 satyrorum
741 1456 851 1521 chorus
870 1458 981 1524 socium
1002 1481 1036 1525 se
1057 1460 1195 1551 adiungit
1205 1461 1303 1530 Ulixi:
1378 1483 1382 1498 ·

206 1533 314 1618 Ἡμεῖς
335 1539 369 1602 δὲ
390 1538 559 1602 συνναῦταί
576 1561 609 1622 γε
630 1537 719 1602 τοῦδ’
742 1538 914 1620 Ὀδυσσέας

203 1618 310 1707 Ὄντες
330 1621 365 1687 τὸ
387 1621 495 1688 λοιπδν
517 1623 643 1708 Βακχίῳ
666 1621 878 1709 δουλεύσομεν.

125 1705 201 1772 Erat
223 1714 319 1774 autem
331 1729 395 1772 cum
407 1709 440 1772 in
453 1706 569 1774 Cratini
581 1729 670 1772 versu
682 1707 770 1793 σιγῶν
788 1737 842 1776 νυν
863 1709 913 1776 din
921 1715 965 1789 αξ
986 1711 1033 1796 δ’χι
1046 1711 1134 1798 σιγδιν
1144 1715 1303 1804 legendum

125 1792 337 1874 existimarem,
359 1793 412 1858 sed
422 1799 554 1882 praestat
569 1787 651 1869 ἅπας
665 1815 797 1860 serrone.
827 1796 967 1863 Ceterum
980 1800 1012 1862 iu
1023 1801 1110 1864 tertio
1125 1821 1214 1865 versu
1228 1801 1304 1868 Cra·

125 1877 181 1942 tini
194 1884 305 1958 errant,
328 1877 377 1962 qui
398 1877 626 1966 particulamdi
647 1875 799 1944 delendam
824 1903 892 1947 esse
914 1891 1046 1965 censent,
1068 1891 1115 1949 est
1128 1907 1251 1974 prorsus
1272 1897 1304 1952 ut

4 2019 5 2023 ,
124 1962 230 2028 Latini
254 1962 363 2044 dicunt,
383 1969 506 2026 mamm
528 1977 639 2026 aetem
660 1959 867 2032 Itbacemec.
894 1962 935 2032 Et
956 1969 1079 2054 quodam
1101 1970 1186 2036 modo
1228 1977 1304 2036 otest

125 2048 290 2137 comp-orari
310 2045 502 2134 Bacchylidis
523 2047 575 2112 ille
596 2048 678 2114 locus
700 2051 776 2138 apud
797 2050 983 2118 Athenaeum
1007 2053 1043 2122 V.
1065 2076 1094 2143 p.
1118 1993 1229 2120 178ss

203 2130 299 2196 Ἔστα
321 2133 426 2220 issant
448 2128 551 2196 λάϊνον
573 2129 680 2209 οὐδόν,
701 2137 749 2198 ccl
772 2135 806 2199 δὲ
826 2139 937 2213 θοίνας
955 2135 1075 2216 1ἔίαυον,
1099 2127 1162 2204 citt
1180 2139 1205 2204 τ’
1229 2140 1301 2227 ἔφα·

209 2213 394 2298 Λῶτόμαιοι
416 2217 447 2282 δ’
471 2216 602 2303 ἀγαθῶν
624 2220 732 2297 δαῖτας
753 2217 905 2303 εὐόχθους
925 2221 1104 2309 ἐπέρχονται
1127 2225 1237 2290 δίκαιοι

1 2327 2 2334 “
27 2313 34 2348 ¹
214 2307 328 2368 Φῶνε.

2 2364 8 2469 l
124 2327 516 2474 quamquachacchylides
536 2386 708 2475 partiendam
734 2389 864 2456 formasa
884 2391 1006 2456 retinuit
1026 2399 1198 2484 propterea,
1225 2395 1301 2481 quod

5 2472 8 2491 '
124 2495 196 2538 usus
219 2479 266 2538 eat
285 2480 356 2538 noto
377 2472 428 2537 illo
451 2472 527 2562 epici
549 2473 672 2538 alicuius
694 2483 808 2540 versui
1013 2475 1016 2483 '

167 2607 170 2614 .
208 2555 393 2638 Αδτόματσι
416 2555 448 2621 δ’
472 2557 586 2641 ἀγαθοὶ
610 2557 739 2641 ἀγαθῶν
760 2561 809 2624 ἐπὶ
831 2560 939 2635 δαῖτας
960 2559 1051 2626 ἴασιν.

122 2642 196 2710 tolia
217 2641 295 2711 enim
317 2649 434 2707 veteres
460 2642 639 2740 scriptores,
667 2644 694 2707 si
725 2665 786 2709 non
807 2645 986 2710 conveniunt
1011 2648 1142 2735 ipsorum
1163 2649 1301 2730 orationi,

83 2805 87 2813 ⁸
124 2735 184 2794 tum
214 2728 357 2876 ahiic4ere,
375 2735 451 2794 xtum
476 2735 606 2792 retinere
635 2727 749 2809 solent,
784 2729 843 2794 vid.
859 2729 1015 2796 Demosth.
1040 2730 1077 2795 de
1104 2731 1183 2798 falsa
1208 2733 1300 2821 legat

210 2820 240 2876 et
260 2815 280 2876 2
303 2814 333 2877 5.

122 2813 187 2881 ²43
210 2895 271 2960 lam
298 2915 370 2960 vero
397 2893 434 2960 ad
469 2893 593 2960 condem
619 2899 732 2984 partem
759 2896 927 2962 comoediae
958 2897 1007 2962 vel
1028 2904 1153 2997 propter
1185 2902 1300 2965 numeri

124 2981 346 3050 simihtudiuem
367 2980 543 3044 referendus
566 2988 612 3047 est
634 2980 709 3046 alius
734 3003 854 3064 verscu,
875 3003 959 3068 quem
982 2981 1091 3048 Surdas
1113 2982 1155 3049 Τ.
1173 2982 1198 3050 l.
1219 2986 1301 3074 prs

123 3069 229 3136 effert:
249 3064 427 3151 ,Ἄθυρμα
450 3068 589 3148 παίγνιον
610 3101 650 3114 -
673 3068 828 3150 Κρατῖνος
846 3067 1058 3134 Ὀδυσσεῦσιν·

210 3147 354 3234 Νεσχμῶν
374 3175 403 3214 τι
425 3156 588 3235 παρῆχθαι
610 3147 751 3237 ἄθυρμα.
819 3232 821 3234 ¹

123 3235 274 3324 rl‚‚quod
305 3235 398 3324 vulgo
423 3235 522 3318 deest,
551 3237 785 3302 subministravit
809 3235 970 3302 Elmsleius
998 3236 1036 3302 ad
1057 3235 1210 3327 Euripidis
1232 3237 1300 3304 Me·

107 3325 209 3392 deam
231 3321 434 3410 paterna-a.
461 3321 549 3386 Dixit
562 3329 657 3386 autem
678 3323 753 3386 haec
774 3323 891 3398 chorus,
914 3321 951 3387 de
973 3323 1126 3387 orchestra
1142 3323 1299 3405 decedens,

123 3409 163 3475 ad
183 3413 365 3496 spectatores
377 3427 553 3472 conversus:
575 3407 905 3482 indicareeuim-voluit
920 3413 1017 3496 poeta,
1039 3429 1073 3472 se
1095 3429 1159 3472 cum
1172 3409 1300 3497 pristino

123 3515 206 3560 more
221 3513 288 3556 uon
309 3491 436 3580 potuerit
456 3492 585 3556 tabulam
603 3485 665 3556 edm
686 3513 789 3576 onere,
810 3514 916 3557 novam
929 3492 1056 3578 aliquam
1072 3498 1103 3558 et
1122 3493 1298 3559 incohatam

123 3576 557 3647 oblectationemexhibuisse:
599 3513 685 3644 illud
695 3579 773 3642 enim
802 3579 904 3642 comici
930 3579 1032 3665 graeci
1059 3577 1164 3644 sedulo
1185 3585 1298 3668 specta-

122 3669 246 3744 vernnt,
273 3669 305 3726 ut
326 3667 361 3727 et
376 3661 530 3728 utilitatem
552 3671 583 3726 et
603 3662 780 3752 voluptatem
801 3663 947 3728 afferrent
973 3663 1188 3752 spectantibus,
1219 3663 1297 3727 haud

104 3751 309 3819 ¹immemores
350 3746 480 3835 raecepti
500 3746 596 3830 illius,
624 3748 700 3834 quod
721 3747 864 3814 Horatius
886 3749 930 3814 sic
950 3747 1117 3838 proposuit:

208 3829 251 3896 Et
270 3767 413 3934 prodesse
434 3831 537 3897 volunt
558 3840 589 3898 et
610 3831 756 3898 delectare
777 3840 890 3924 poetae.

123 3919 201 4008 quod
221 3917 420 4017 sphmdicavit
440 3917 528 3984 etiam
539 3915 757 4008 Aristophanes
779 3939 844 3984 eum
865 3918 1014 3984 alihi'tum
1034 3918 1069 3984 iu
1081 3915 1297 3984 Ecclesiuzusie

123 4013 283 4072 extremus:

208 4082 346 4169 Σμικρδν
367 4081 398 4148 δ’
421 4079 602 4150 ὑποθέσθαι
622 4091 686 4160 τοῖς
707 4094 840 4172 κριταῖσι
860 4081 1024 4168 βούλομαι,

210 4177 287 4246 Τοῖς
308 4177 418 4253 σοφοῖς
438 4169 504 4250 μέν,
526 4175 587 4234 τῶν
604 4177 711 4256 σοφῶν
730 4172 931 4254 μαινομένοις
952 4172 1060 4257 κρίνειν
1081 4167 1144 4251 ipat,

213 4261 290 4330 Τοῒς
310 4259 420 4338 γελῶσι
441 4255 471 4318 δ’
496 4252 609 4338 ἡδέως,
637 4255 688 4319 διὰ
709 4257 763 4320 τὸν
783 4258 878 4340 γέλων
899 4257 1009 4339 κρίνειν
1030 4255 1093 4336 ἐμέ.

124 4353 156 4412 et
173 4350 209 4410 ut
227 4361 317 4406 unum
338 4346 493 4426 praeterea
514 4340 678 4430 exemplum
707 4342 842 4406 adiiciam
863 4341 990 4406 comicus
1010 4341 1112 4406 nescio
1133 4339 1198 4440 puis
1220 4339 1294 4427 apud

125 4425 379 4520 Hephaestionem
399 4443 428 4512 p.
451 4426 514 4492 109
534 4427 567 4492 iu
589 4434 723 4492 extrem
741 4427 844 4494 tabula
864 4428 897 4492 iu
918 4425 1059 4516 parahcsi
1085 4424 1174 4492 dixit:

8 4483 10 4605 p
1009 4526 1049 4592 11
