3004 5048
248 365 250 370 -
278 319 344 388 368
658 311 1064 386 commutandos
1179 337 1183 344 ·

279 495 379 555 vatum
399 494 461 570 est,
482 486 532 573 qni
552 503 612 550 uou
633 507 703 552 raro
724 491 887 552 ceterarum
908 484 1062 574 Amipsiao
1082 485 1247 557 fabularum
1266 491 1416 560 semaam

279 575 408 655 iaciunt,
437 573 479 636 ita
499 577 532 636 ut
551 571 629 635 hauc
650 571 713 642 ,iam
739 571 898 658 antiquitus
919 571 1059 636 interisse
1085 573 1232 640 coniicias.
1264 573 1417 662 Quamquam

281 666 377 724 autem
402 659 435 722 iu
455 655 608 744 Amipsiae
629 656 751 722 incertis
778 655 954 744 fragmentis
975 657 1118 722 nonnulla
1138 658 1333 746 reperiuntur,
1360 681 1417 746 quac

279 742 492 833 probabilitatis
514 739 636 826 quadam
665 741 762 830 specie
790 742 847 806 huc
871 761 1012 806 revocare
1039 741 1124 825 licet,
1155 744 1211 808 hoc
1231 751 1324 809 tamem
1347 767 1418 833 argu-

279 835 407 894 mentum
428 826 516 892 uimis
537 827 679 890 incertum
701 833 731 890 et
751 826 893 892 lubricum
915 839 975 908 est,
996 847 1081 912 quam
1102 836 1134 892 ut
1154 829 1248 895 solum
1268 832 1418 918 comprobet,

281 912 492 994 Grammaticos
515 910 570 975 bac
591 910 741 976 comoedia
762 931 832 976 usos
854 931 930 975 esse.
959 909 1007 975 lta
1027 913 1103 998 quod
1123 914 1235 1002 legitur
1254 915 1326 1003 apud
1344 916 1417 982 dtbo

278 1019 385 1062 uaeum
404 996 459 1061 XI.
479 1018 508 1085 p.
529 996 595 1062 783
617 995 658 1060 E:
683 993 807 1060 Ἒπινον
828 995 862 1059 δὲ
882 994 938 1078 τὴν
959 993 1090 1077 ἄμυστιν
1109 997 1188 1080 μετὰ
1206 998 1328 1082 μίλοος,
1344 1025 1417 1083 μιμε-

278 1082 430 1168 τρημίνοο
451 1079 528 1168 πρὸς
549 1076 898 1230 ὠκιίτηταΛζΙρλιΞῖονᾌιῶς
907 1079 1091 1241 apparatu·

718 1193 737 1229 v
974 1210 984 1229 ο

362 1250 409 1315 §a
431 1247 463 1314 δ’
487 1240 540 1339 ᾆδε
561 1247 639 1336 πρὸς
658 1246 758 1332 τήνδ’,
782 1191 925 1332 ἓιίιτιίομίίιι
946 1247 979 1314 d'
1003 1247 1061 1334 2γῶ
1082 1249 1167 1330 τίσις.

362 1333 461 1400 Adon
482 1334 521 1399 od
542 1336 594 1398 καί
615 1332 654 1400 σὺ
675 1333 731 1418 τὴν
752 1331 882 1418 ἄμυστιν
901 1330 1050 1416 λάμβανε.

366 1418 413 1484 Οὐ
432 1417 493 1505 χρὴ
514 1415 604 1482 πόλλ’
628 1418 706 1502 ἔχειν
725 1419 843 1503 θνητὸν
863 1417 1040 1507 ἄνθρωπον,

358 1501 442 1569 Ἀλλ’
467 1506 541 1590 ἐρᾶν
562 1505 613 1568 καὶ
634 1507 817 1586 κατεσθίειν,

360 1587 406 1653 Σο)
429 1589 463 1652 dd
483 1585 582 1689 κάρτα
629 1591 704 1675 strip.
1313 1652 1316 1658 .

278 1695 352 1740 saue
377 1673 467 1739 facile
493 1693 557 1773 puis
584 1613 862 1754 adcomissatores
888 1674 1079 1742 referendum
1106 1697 1173 1742 esse
1199 1680 1358 1761 consumit,
1381 1679 1418 1743 scd

276 1760 367 1827 multo
387 1759 567 1848 probabdius
589 1767 645 1842 est,
666 1781 706 1824 ex
727 1760 930 1849 cadmipsiac
950 1760 1246 1851 fabuladepromtum
1263 1787 1337 1847 esso,
1355 1785 1418 1852 quan

271 1843 582 1925 Ἀποκοτταβίζοντας
601 1844 762 1935 inscripsit
798 1845 856 1912 Est
876 1851 973 1911 autem
994 1846 1049 1912 boc
1069 1847 1270 1936 fragmentum
1289 1851 1328 1916 ita
1346 1850 1419 1939 potius

275 1929 524 1996 constituendum:
1094 2002 1099 2010 ¹

681 2017 726 2080 A.
748 2011 846 2080 Adios
863 2039 918 2096 μοι
937 2013 1040 2097 μίλος,

362 2097 410 2162 Σὺ
431 2096 463 2162 d'
488 2089 543 2188 ᾆδε
564 2094 650 2186 πρός.
695 2095 794 2183 Τήνδ’
819 2101 961 2182 ἐκπίομαι
983 2099 1015 2166 δ’
1039 2099 1098 2185 ἐγὼ
1118 2101 1202 2179 τίως.

362 2187 401 2247 Β.
425 2181 520 2249 Adae
541 2182 580 2248 od
602 2185 653 2248 καί
675 2183 714 2248 cd
736 2184 792 2267 τὴν
813 2181 945 2265 ἄμυστιν
964 2181 1112 2269 λάμβανε.

365 2266 412 2332 Osi
430 2269 493 2354 χρὴ
514 2266 604 2332 πόλλ’
628 2267 705 2350 ἔχειν
725 2268 842 2351 θνητὸν
863 2267 1045 2355 ἄνθρωπον,
1066 2269 1137 2335 ἀλλ’
1161 2273 1246 2360 ἐρᾶν,

360 2353 426 2416 Καὶ
447 2353 634 2417 κατεσθίειν·
656 2351 695 2416 od
716 2353 750 2416 dd
770 2351 868 2437 :scipsos
890 2357 991 2440 φείδῃ.

275 2439 362 2504 Iubet
382 2437 460 2502 euim
487 2437 591 2524 aliquis
613 2436 761 2502 tibicinam
789 2437 927 2503 carminis
949 2439 1050 2504 modos
1076 2441 1213 2529 praeire,
1244 2441 1330 2508 alium
1347 2445 1420 2506 autea
1457 2485 1458 2488 κ

276 2545 317 2606 ex
337 2523 470 2589 convivis
492 2521 667 2588 cantilenam
688 2543 811 2605 mucre,
840 2523 907 2588 dnm
928 2523 993 2613 ipse
1013 2525 1076 2589 viui
1102 2527 1240 2614 poculum
1264 2529 1350 2594 bibat:
1377 2534 1420 2590 tum

275 2609 328 2674 iile
350 2608 491 2692 conviva,
519 2608 569 2693 qui
590 2629 697 2672 cauere
722 2607 821 2672 iussus
849 2616 930 2691 erat,
956 2609 1041 2674 dicit:
1081 2614 1420 2694 maismacensem

275 2717 353 2759 cero
373 2699 530 2774 poculum
556 2716 666 2757 ιιιιιιιι
697 2698 727 2756 et
746 2693 805 2758 iam
831 2692 896 2782 ipse
917 2715 1035 2761 cmmeu
1062 2716 1170 2762 cauere
1196 2698 1358 2764 exorditur:
1386 2692 1419 2758 Ου’

274 2777 335 2866 χρὴ
357 2777 442 2844 πόλλ’
466 2773 542 2860 ίχιιν
563 2785 687 2864 atquae
708 2784 879 2877 sequuntur,
900 2799 974 2878 iprae
996 2787 1046 2846 aut
1067 2801 1105 2844 ex
1126 2783 1220 2848 acolio
1242 2783 1335 2870 aliquo
1352 2780 1421 2871 petita

277 2870 362 2947 suut,
393 2870 444 2928 aut
464 2870 543 2928 certe
571 2862 608 2928 ad
628 2861 811 2952 populanum
833 2885 993 2928 carminum
1019 2865 1164 2932 rationem
1191 2875 1224 2932 et
1243 2869 1353 2934 modum
1371 2885 1421 2929 mu·

275 2951 423 3016 formata:
465 2948 498 3012 iu
525 2953 656 3012 extremo
689 2954 785 3012 numm
817 2969 907 3013 versu
931 2969 993 3014 uou
1025 2957 1105 3016 recte
1132 2952 1251 3018 videtur
1274 2950 1419 3020 Meiuekius

277 3034 440 3100 offendisse
451 3039 481 3097 et
502 3031 540 3098 ud
552 3031 587 3096 δὲ
604 3029 692 3118 κάρτ’
706 3030 835 3118 ἀφειδὴς
848 3034 1030 3100 correxisse:
1053 3035 1096 3100 sic
1107 3057 1181 3102 saue
1192 3039 1225 3102 in
1237 3037 1326 3104 acolio
1333 3036 1387 3116 ilio,
1402 3031 1420 3095 ai

275 3119 333 3185 suit
359 3117 502 3184 eiusmodi
528 3117 691 3200 cantilena,
718 3138 775 3204 qua
794 3115 947 3207 Amipsias
975 3120 1018 3184 uti
1041 3123 1185 3208 potuerit,
1213 3123 1349 3212 scriptum
1372 3137 1420 3184 esse

276 3211 505 3270 cousentaneum
526 3209 588 3285 est,
620 3208 741 3268 atvero
763 3203 890 3268 comicus
910 3210 997 3304 poeta
1014 3204 1073 3292 ¹hoc
1093 3227 1214 3272 carmen
1234 3209 1267 3273 iu
1287 3205 1422 3296 reprobor·

277 3290 391 3356 siouem
416 3295 501 3374 atquc
528 3286 720 3388 ignominiam
748 3287 828 3370 cius,
872 3309 921 3375 qur
942 3289 1106 3356 coumvium
1132 3293 1308 3380 praebebat,
1348 3289 1422 3356 subito

276 3374 436 3440 convertit:
464 3393 589 3438 couvuva
608 3371 702 3473 igitur
721 3371 790 3455 ille,
811 3394 876 3438 cum
897 3373 1023 3441 dixisset
1043 3375 1170 3441 bominis
1192 3399 1278 3461 esse,
1297 3376 1338 3442 uti
1356 3371 1422 3440 bouis

276 3483 372 3548 neque
399 3477 524 3544 magnas
551 3458 669 3524 divitias
696 3478 877 3557 congerere,
903 3458 949 3524 illi
975 3459 1129 3526 avaritiam
1157 3464 1313 3552 exprobat:
1342 3459 1376 3526 cd
1399 3453 1423 3520 di

275 3545 375 3698 adotrip
403 3546 509 3692 pstdppl
541 3542 658 3697 diadem
687 3543 789 3692 irppp}
810 3541 1029 3633 Aristophanes
1059 3566 1132 3612 usus
1159 3548 1263 3613 estin
1289 3539 1422 3614 Harmodii

458 3650 519 3694 vu.
571 3650 604 3692 es
625 3675 634 3693 .
654 3647 683 3691 v.
796 3650 804 3690 ι

219 3743 222 3772 ι
275 3656 331 3700 can
353 3653 448 3786 {dib
469 3713 503 3779 dd
524 3649 840 3799 npoisbg‘Appaodloo·
861 3711 939 3788 δίξει
957 3711 991 3778 dd
1010 3709 1065 3780 cai·
1091 3794 1094 3804 Ι
1196 3723 1199 3728 ’

364 3801 473 3877 Οὐδείς
494 3795 608 3863 πώποτ’
623 3795 699 3882 ἀνὴρ
720 3794 814 3880 ἔγεντ’
831 3791 989 3880 Ἀθήναις.

363 3888 459 3954 ΦΙΛ.
484 3883 552 3966 Οὐχ
573 3878 654 3946 οὕτω
674 3905 706 3964 με
728 3885 901 3966 πανοῦργος
921 3880 994 3947 οὐδὲ
1013 3881 1153 3967 κλέπτης.

277 3976 389 4052 Quibus
400 3971 537 4040 versibus
558 3967 735 4057 grauissime
746 3965 869 4034 Cleonis
879 3988 1002 4058 pravum
1021 3967 1176 4058 ingenium
1197 3967 1425 4059 magnardo

344 4276 521 4344 ·)1taauim
544 4272 609 4328 haec
625 4269 780 4337 corrigenda
794 4275 872 4341 suut,
894 4273 974 4338 vulgo
990 4270 1100 4339 legitur:
1126 4268 1225 4332 otone
1244 4265 1353 4324 πώποτ’
1368 4261 1422 4331 ἀνὴρ

276 4341 379 4416 ἐγίνετ’
401 4341 554 4410 Ἀθηναῖος.
571 4367 605 4382 -
644 4334 702 4406 Οὖχ
724 4333 795 4417 οὕτω
817 4355 850 4408 γε
873 4341 1032 4410 πανοῦργος
1053 4342 1176 4407 κλέπτης.
1210 4343 1246 4394 lot
1268 4337 1423 4404 πανουργίαν

277 4416 382 4485 quidem
398 4412 550 4480 saepissime
566 4409 708 4479 exprobrat
723 4406 910 4478 Aristophanes
928 4407 1037 4480 clani,
1053 4409 1094 4465 uti
1109 4409 1140 4464 ia
1155 4407 1296 4480 Equitibus
1312 4425 1336 4467 v.
1351 4403 1406 4462 2⁴7:
