3004 5048
262 329 327 396 370
606 331 609 338 '
643 316 1048 394 COMMENTATIONES

262 497 484 648 attibuit
503 493 1397 670 ttttthlsttf‘ulsl'lt'ltto‘ltltt

110 675 141 697 “’
261 667 485 756 Monotropm,
513 665 636 731 alteram
662 601 820 731 tradirbsse
841 663 995 753 Amipsiao
1016 661 1187 745 Comastas,
1213 661 1261 750 qui
1285 669 1420 750 tauquam·

261 753 272 817 i
293 775 326 818 se
353 751 565 842 composuisset
589 749 714 816 docendi
741 747 908 818 facultatem
935 753 1057 838 peteret.
1082 747 1184 833 ltaque
1210 749 1293 814 etiam
1315 749 1344 812 iu
1364 746 1397 814 li·
1451 795 1452 808 ,

262 775 392 902 (ibscalia
411 837 551 925 scriptum
571 842 633 900 est:
655 834 713 910 Ὃς
735 830 981 920 (Ἀριστοφάνης)
1001 825 1040 916 ἦν
1060 829 1200 917 δεύτερος
1217 842 1279 909 τοῖς
1291 827 1397 918 Ὄρνισι,

260 919 572 1072 stultulus
597 922 825 1070 ‘lorum
838 912 1397 1070 retrocessionem

259 1091 357 1180 psias,
379 1091 425 1178 qui
449 1090 526 1192 apud
546 1026 841 1179 piaehnmpnomm
862 1109 946 1154 suum
966 1088 1121 1177 professus
1143 1094 1221 1171 erat,
1250 1051 1398 1152 rotbreulus

260 1182 350 1260 erat,
382 1197 441 1240 non
468 1197 496 1240 rs
523 1175 574 1260 qui
602 1195 709 1240 revera
730 1175 848 1262 scripsit
873 1173 1004 1238 fabulam
1032 1173 1233 1262 Phrynichus.
1272 1169 1399 1236 Eiusmodi

260 1268 357 1326 autem
382 1260 481 1348 legem
502 1257 631 1325 Athenis
658 1260 753 1324 fuisse
780 1279 819 1324 ex
846 1257 1007 1324 didascalia
1024 1257 1193 1349 Vespotom
1218 1253 1398 1344 Aristophanis

259 1346 404 1410 conficere
423 1365 595 1433 possumus,
622 1344 659 1410 (le
682 1365 739 1430 qua
760 1345 819 1409 alio
840 1344 905 1408 luco
926 1343 1040 1409 dicotur
1058 1343 1186 1434 plurius.
1228 1341 1353 1409 Getarum
1371 1339 1398 1404 al

257 1429 426 1516 Phrynicbi
448 1427 682 1512 comissatores,
710 1432 861 1494 siveram
882 1428 1026 1516 estquod
1051 1429 1181 1511 conieci,
1200 1427 1274 1492 hanc
1292 1423 1398 1492 tabulam

257 1521 393 1604 praetore
404 1511 537 1580 Chabria
557 1513 672 1580 doctam
693 1535 772 1596 esse,
793 1514 823 1580 h.
836 1535 863 1580 e.
884 1534 946 1578 non
967 1514 1115 1580 divorsum
1137 1533 1206 1580 esse
1226 1509 1399 1598 abbnipaiat

257 1599 407 1664 comoedia
433 1600 627 1687 cognomine,
670 1621 728 1688 ego
760 1599 934 1664 referendos
959 1619 1067 1664 censeo
1094 1597 1165 1665 illos
1193 1597 1315 1676 turchos,
1343 1611 1398 1678 quot

256 1683 433 1749 Plutarchus
454 1685 487 1749 in
507 1685 569 1749 vita
585 1683 750 1750 Alcibiadis
772 1705 797 1748 ο.
808 1685 851 1750 20
871 1703 911 1748 ex
924 1683 1100 1772 Phrynicho
1119 1683 1221 1768 affert,
1240 1681 1288 1770 qni
1306 1678 1398 1766 quibem

256 1789 362 1834 versus
381 1769 495 1833 recenti
514 1769 595 1834 illius
611 1771 657 1835 rei
677 1769 818 1836 memoria
838 1769 940 1858 scripti
961 1789 1030 1834 esso
1049 1769 1206 1836 ridenturr

333 1847 375 1918 Ὠ
396 1851 528 1940 pstaall'
546 1851 668 1939 Ἓρμῆ,
696 1855 747 1918 καὶ
768 1849 930 1940 φυλάσσου
957 1853 1001 1937 μὴ
1023 1852 1123 1920 πεσών

295 1954 300 1962 “
339 1935 448 2004 Αὑτὸν
468 1935 672 2026 παρακρούσῃ
694 1942 744 2003 καὶ
765 1935 927 2025 παράσχῃς
947 1939 1098 2022 διαβολὴν

334 2021 448 2112 Ἑτέρορ
469 2025 632 2111 Διοκλείδῃ
658 2023 836 2112 βουλομένῳ
863 2021 957 2090 κακόν
976 2047 1007 2089 τι
1034 2025 1122 2112 δρᾶν.

339 2112 379 2174 Β.
405 2105 606 2191 Φαλάξομαι·
632 2107 758 2196 Τεύκρῳ
779 2108 838 2196 γὰρ
860 2108 927 2192 οὐχὶ
947 2107 1102 2194 βούλομαι
1144 2161 1148 2167 .
1172 2163 1176 2172 .

339 2190 495 2282 Μῆνοτρα
517 2197 624 2258 δοῦναι
646 2199 690 2280 τῷ
711 2195 896 2282 παλαμναίῳ
918 2193 1003 2282 ξένῳ.
1040 2227 1043 2234 ·
1146 2203 1147 2208 ’

337 2276 476 2342 Monotro
498 2299 544 2342 um
559 2279 750 2364 Phrynichus
762 2280 860 2344 locuit
880 2280 1022 2345 archonte
1035 2277 1171 2346 Chabria
1181 2278 1294 2364 Olymp.
1304 2268 1399 2340 XCH

253 2361 411 2448 Dionysiis
438 2299 579 2464 urbanis3
614 2363 735 2462 tulitque
762 2361 1084 2472 praemiumtertipm,
1116 2365 1195 2450 quod
1221 2357 1397 2498 cognoscimus

252 2457 494 2615 bulliat
521 2441 1397 2620 bv¹ii¹ss÷2¹ff¹¹⁸i2PbPisscriifilibbii{iiiiii

246 2615 409 2698 Ἀμειψίας
420 2620 622 2699 Κωμασταῖς,
635 2619 736 2704 τρίτος
745 2615 899 2703 Φρύνιχος
911 2615 1121 2705 Μονοτρόπῳ.
1164 2640 1201 2685 uo
1217 2615 1324 2703 quidem
1343 2617 1397 2676 ou·
1451 2663 1452 2666 η

251 2723 323 2802 pore
337 2703 490 2767 imminuta
505 2709 570 2767 erat
580 2701 727 2768 effrenata
738 2703 905 2770 comoediae
915 2703 1046 2788 licentia,
1061 2704 1134 2788 (vil.
1144 2641 1290 2770 brituscb.
1300 2695 1397 2794 (illesi
1451 2667 1452 2752 i

250 2787 533 2876 Amstoph.p'.317j
555 2788 597 2854 ita
618 2795 650 2852 ut
669 2801 757 2878 poeta
778 2795 828 2853 aut
848 2797 1024 2878 argumenta
1043 2790 1173 2870 erebus
1188 2781 1397 2879 publicisahoua

250 2881 377 2936 tractare
388 2879 490 2937 essent
501 2873 604 2956 coacti,
625 2883 677 2938 aut
697 2875 725 2939 si
735 2873 845 2939 vehent
856 2896 920 2940 rem
930 2872 1076 2963 publicam
1090 2875 1249 2963 attingere,
1268 2865 1398 2935 involuow

250 2957 374 3056 quodam
394 2978 447 3058 pro
468 2958 571 3058 ositam
592 2960 768 3058 sententiam
789 2961 982 3060 obscurarent
1002 2981 1037 3026 uc
1058 2965 1212 3060 tegerent:
1242 2957 1333 3040 itaque
1350 2966 1397 3011 non

249 3041 1397 3218 llbobubllbttlthtlfftvtrllllllsltttlutt'll

249 3211 342 3275 itaut
363 3213 419 3312 vips-
435 3212 526 3277 ullum
546 3212 641 3278 libere
661 3215 829 3302 respirandi
855 3216 980 3305 spatium
1001 3215 1123 3282 daretur
1144 3221 1175 3282 et
1194 3147 1397 3304 pbrique‚‚l¹¹¹

248 3302 336 3360 autea
357 3298 459 3385 oprbus
487 3304 517 3362 et
537 3298 648 3364 divitiis
670 3299 914 3384 abundaussent,
945 3301 1004 3366 iam
1030 3301 1085 3366 rix
1111 3319 1244 3386 eaquae
1271 3293 1306 3360 ad
1324 3295 1396 3384 abab

248 3381 468 3446 sustentandam
489 3385 661 3448 necessaria
682 3391 794 3466 essent,
815 3386 873 3451 sibi
893 3391 1016 3476 possent
1029 3405 1210 3476 comparare.-
1238 3380 1398 3446 Necessario

248 3473 344 3530 autem
365 3465 540 3532 videbantur
562 3476 633 3534 tunc
659 3470 749 3536 multo
776 3469 878 3560 plura,
908 3491 993 3556 quam
1018 3470 1105 3552 olim,
1132 3489 1198 3535 com
1223 3464 1345 3532 nondum
1368 3455 1397 3556 §lt

130 3587 136 3598 ·
246 3571 335 3638 parco
362 3557 448 3637 atque
475 3559 612 3619 contento
634 3554 712 3620 cultu
734 3556 867 3655 victuque
893 3555 1036 3621 maiorum
1058 3555 1266 3622 descivissent:
1307 3556 1397 3640 eumn

284 3635 345 3724 puli
365 3635 534 3719 multitudo,
561 3659 617 3725 quo
644 3639 741 3728 magis
769 3639 883 3704 desidia
908 3641 999 3706 vitam
1026 3641 1228 3730 transigebat,
1256 3655 1290 3700 oo
1316 3643 1396 3714 magas

259 3721 398 3788 uxomosa
409 3735 440 3786 et
452 3725 709 3812 sumptuosafacta
720 3729 779 3790 est:
801 3725 932 3796 laborem
944 3725 1111 3814 fugiebant,
1125 3719 1397 3810 suaquisquesecta·

244 3805 352 3870 bantur
371 3807 531 3890 commoda,
551 3809 686 3898 proprias
707 3809 848 3876 utilitates
860 3811 1089 3900 aucupabantur,
1110 3829 1261 3883 commune
1281 3797 1397 3880 fflflffiffl

245 3891 353 3956 bouum
374 3891 566 3979 ignorabant:
588 3913 660 3982 opes
681 3900 778 3960 aubm
798 3895 927 3983 undique
943 3895 1123 3983 conquisitas
1144 3893 1286 3978 malisque
1302 3883 1396 3952 artrhm

244 3983 344 4124 ouh
365 3977 1397 4134 arulumsommum”bonushomo

244 4107 420 4246 desidebiupr
441 4153 538 4248 autem
548 4149 810 4238 flagrantissimum
826 4087 1071 4220 nhbboiisenbblatus
1083 4131 1235 4216 obtinendi
1251 4093 1395 4243 ocyuparti

243 4229 341 4330 illapso
362 4230 540 4318 ahrqmdem
561 4235 723 4324 negabant,
743 4237 879 4308 lorbrnar
899 4235 1000 4328 populi
1020 4235 1170 4309 influelins
1187 4237 1292 4300 mutan
1311 4239 1394 4316 polles

243 4337 301 4380 msr
322 4316 464 4384 bonorum
484 4319 612 4386 omnium
641 4321 726 4386 lieret
746 4323 925 4414 communio,
951 4323 1049 4406 itaquo
1070 4341 1192 4388 aureum
1213 4313 1295 4405 passi
1336 4301 1394 4372 ⁰⁰⁴¹·

242 4399 309 4466 dam
329 4401 477 4468 saeculam
499 4405 678 4492 exoptabant
699 4414 729 4470 ot
750 4407 862 4474 volucri
883 4427 937 4496 spe
958 4407 1063 4494 agitati
1084 4405 1202 4496 saepius
1224 4329 1393 4468 σῶμα
