<?xml version="1.0" encoding="UTF-8"?>
<!DOCTYPE html PUBLIC "-//W3C//DTD XHTML 1.0 Transitional//EN"
    "http://www.w3.org/TR/xhtml1/DTD/xhtml1-transitional.dtd">
<html xmlns="http://www.w3.org/1999/xhtml" xml:lang="en" lang="en">
 <head>
  <title>
</title>
<meta http-equiv="Content-Type" content="text/html;charset=utf-8" />
  <meta name='ocr-system' content='tesseract 3.04.00' />
  <meta name='ocr-capabilities' content='ocr_page ocr_carea ocr_par ocr_line ocrx_word'/>
</head>
<body>
  <div class='ocr_page' id='page_1' title='image "./commentationumd00kggoog_0373.png"; bbox 0 0 3004 5048; ppageno 0'>
   <div class='ocr_carea' id='block_1_1' title="bbox 262 341 1050 422">
    <p class='ocr_par' dir='ltr' id='par_1_1' title="bbox 262 341 1050 422">
     <span class='ocr_line' id='line_1_1' title="bbox 262 341 1050 422; baseline -0.013 -1"><span class='ocrx_word' id='word_1_1' title='bbox 262 349 326 422; x_wconf 77' lang='lat' dir='ltr'>sm</span> <span class='ocrx_word' id='word_1_2' title='bbox 650 341 1050 418; x_wconf 74' lang='lat' dir='ltr'>COMMENTATIONES</span> 
     </span>
    </p>
   </div>
   <div class='ocr_carea' id='block_1_2' title="bbox 249 511 1470 4498">
    <p class='ocr_par' dir='ltr' id='par_1_2' title="bbox 249 511 1470 4498">
     <span class='ocr_line' id='line_1_2' title="bbox 346 511 1412 619; baseline -0.007 -33"><span class='ocrx_word' id='word_1_3' title='bbox 346 516 509 619; x_wconf 85' lang='lat' dir='ltr'>Autolycus</span> <span class='ocrx_word' id='word_1_4' title='bbox 523 511 945 604; x_wconf 80' lang='lat' dir='ltr'>duoscumdocneritllupolls</span> <span class='ocrx_word' id='word_1_5' title='bbox 986 511 1215 602; x_wconf 78' lang='lat' dir='ltr'>deraqueautem</span> <span class='ocrx_word' id='word_1_6' title='bbox 1225 511 1412 613; x_wconf 70' lang='lat' dir='ltr'>[raguenus</span> 
     </span>
     <span class='ocr_line' id='line_1_3' title="bbox 262 533 1412 694; baseline -0.005 -24"><span class='ocrx_word' id='word_1_7' title='bbox 262 605 460 694; x_wconf 74' lang='lat' dir='ltr'>grammatius</span> <span class='ocrx_word' id='word_1_8' title='bbox 472 601 538 666; x_wconf 87' lang='lat' dir='ltr'>siue</span> <span class='ocrx_word' id='word_1_9' title='bbox 550 599 735 666; x_wconf 89' lang='lat' dir='ltr'>distinctione</span> <span class='ocrx_word' id='word_1_10' title='bbox 746 597 920 682; x_wconf 83' lang='lat' dir='ltr'>afferantur,</span> <span class='ocrx_word' id='word_1_11' title='bbox 940 533 1061 664; x_wconf 79' lang='lat' dir='ltr'>dillicile</span> <span class='ocrx_word' id='word_1_12' title='bbox 1072 616 1145 662; x_wconf 85' lang='lat' dir='ltr'>saue</span> <span class='ocrx_word' id='word_1_13' title='bbox 1161 603 1218 682; x_wconf 87' lang='lat' dir='ltr'>est,</span> <span class='ocrx_word' id='word_1_14' title='bbox 1237 598 1306 684; x_wconf 88' lang='lat' dir='ltr'>qurd</span> <span class='ocrx_word' id='word_1_15' title='bbox 1320 600 1412 690; x_wconf 80' lang='lat' dir='ltr'>priori,</span> 
     </span>
     <span class='ocr_line' id='line_1_4' title="bbox 262 681 1412 778; baseline -0.003 -24"><span class='ocrx_word' id='word_1_16' title='bbox 262 689 369 776; x_wconf 83' lang='lat' dir='ltr'>quidve</span> <span class='ocrx_word' id='word_1_17' title='bbox 393 686 549 778; x_wconf 71' lang='lat' dir='ltr'><strong>posteriori</strong></span> <span class='ocrx_word' id='word_1_18' title='bbox 569 685 736 752; x_wconf 92' lang='lat' dir='ltr'>comoediae</span> <span class='ocrx_word' id='word_1_19' title='bbox 755 683 939 748; x_wconf 86' lang='lat' dir='ltr'>tribuendum</span> <span class='ocrx_word' id='word_1_20' title='bbox 966 683 1021 764; x_wconf 82' lang='lat' dir='ltr'>rit,</span> <span class='ocrx_word' id='word_1_21' title='bbox 1046 681 1221 749; x_wconf 79' lang='lat' dir='ltr'>diiudicatae</span> <span class='ocrx_word' id='word_1_22' title='bbox 1247 682 1412 770; x_wconf 79' lang='lat' dir='ltr'>aliquantum</span> 
     </span>
     <span class='ocr_line' id='line_1_5' title="bbox 262 767 1413 861; baseline -0.005 -21"><span class='ocrx_word' id='word_1_23' title='bbox 262 783 360 840; x_wconf 88' lang='lat' dir='ltr'>tamen</span> <span class='ocrx_word' id='word_1_24' title='bbox 376 773 542 861; x_wconf 88' lang='lat' dir='ltr'>proficimus</span> <span class='ocrx_word' id='word_1_25' title='bbox 552 770 632 852; x_wconf 89' lang='lat' dir='ltr'>inde,</span> <span class='ocrx_word' id='word_1_26' title='bbox 643 768 718 856; x_wconf 91' lang='lat' dir='ltr'>quod</span> <span class='ocrx_word' id='word_1_27' title='bbox 730 773 852 855; x_wconf 85' lang='lat' dir='ltr'>utraque</span> <span class='ocrx_word' id='word_1_28' title='bbox 861 767 963 832; x_wconf 85' lang='lat' dir='ltr'>sabula</span> <span class='ocrx_word' id='word_1_29' title='bbox 974 788 1030 854; x_wconf 88' lang='lat' dir='ltr'>quo</span> <span class='ocrx_word' id='word_1_30' title='bbox 1040 769 1080 832; x_wconf 88' lang='lat' dir='ltr'>sit</span> <span class='ocrx_word' id='word_1_31' title='bbox 1092 767 1178 832; x_wconf 89' lang='lat' dir='ltr'>docta</span> <span class='ocrx_word' id='word_1_32' title='bbox 1189 773 1330 855; x_wconf 84' lang='lat' dir='ltr'>tempore,</span> <span class='ocrx_word' id='word_1_33' title='bbox 1345 789 1413 834; x_wconf 92' lang='lat' dir='ltr'>com·</span> 
     </span>
     <span class='ocr_line' id='line_1_6' title="bbox 281 851 1412 940; baseline -0.004 -17"><span class='ocrx_word' id='word_1_34' title='bbox 281 865 373 923; x_wconf 92' lang='lat' dir='ltr'>ertum</span> <span class='ocrx_word' id='word_1_35' title='bbox 386 857 534 921; x_wconf 88' lang='lat' dir='ltr'>hahemus.</span> <span class='ocrx_word' id='word_1_36' title='bbox 556 855 596 918; x_wconf 92' lang='lat' dir='ltr'>Et</span> <span class='ocrx_word' id='word_1_37' title='bbox 625 855 687 919; x_wconf 91' lang='lat' dir='ltr'>rior</span> <span class='ocrx_word' id='word_1_38' title='bbox 698 854 811 940; x_wconf 91' lang='lat' dir='ltr'>quidem</span> <span class='ocrx_word' id='word_1_39' title='bbox 827 852 976 918; x_wconf 80' lang='lat' dir='ltr'><strong>comoedia</strong></span> <span class='ocrx_word' id='word_1_40' title='bbox 988 853 1066 918; x_wconf 88' lang='lat' dir='ltr'>cadit</span> <span class='ocrx_word' id='word_1_41' title='bbox 1085 853 1118 917; x_wconf 92' lang='lat' dir='ltr'>iu</span> <span class='ocrx_word' id='word_1_42' title='bbox 1131 851 1285 930; x_wconf 78' lang='lat' dir='ltr'>Aristonis</span> <span class='ocrx_word' id='word_1_43' title='bbox 1306 873 1412 938; x_wconf 91' lang='lat' dir='ltr'>annom,</span> 
     </span>
     <span class='ocr_line' id='line_1_7' title="bbox 260 876 1412 1032; baseline -0.004 -25"><span class='ocrx_word' id='word_1_44' title='bbox 260 880 289 1008; x_wconf 75' lang='lat' dir='ltr'>i.</span> <span class='ocrx_word' id='word_1_45' title='bbox 301 965 327 1006; x_wconf 90' lang='lat' dir='ltr'>e.</span> <span class='ocrx_word' id='word_1_46' title='bbox 349 941 436 1032; x_wconf 84' lang='lat' dir='ltr'><strong>Olym</strong></span> <span class='ocrx_word' id='word_1_47' title='bbox 459 876 623 1005; x_wconf 78' lang='lat' dir='ltr'>‚LXXXl</span> <span class='ocrx_word' id='word_1_48' title='bbox 647 987 655 1004; x_wconf 89' lang='lat'><strong>.</strong></span> <span class='ocrx_word' id='word_1_49' title='bbox 675 939 708 1020; x_wconf 80' lang='lat'>4,</span> <span class='ocrx_word' id='word_1_50' title='bbox 728 938 788 1004; x_wconf 83' lang='lat' dir='ltr'>rid.</span> <span class='ocrx_word' id='word_1_51' title='bbox 808 937 981 1003; x_wconf 79' lang='lat' dir='ltr'>Athenaeus</span> <span class='ocrx_word' id='word_1_52' title='bbox 1001 937 1040 1006; x_wconf 86' lang='lat' dir='ltr'>V.</span> <span class='ocrx_word' id='word_1_53' title='bbox 1082 985 1090 1003; x_wconf 88' lang='lat'><strong>.</strong></span> <span class='ocrx_word' id='word_1_54' title='bbox 1110 937 1174 1006; x_wconf 76' lang='lat'>216</span> <span class='ocrx_word' id='word_1_55' title='bbox 1195 937 1241 1004; x_wconf 83' lang='lat' dir='ltr'>D:</span> <span class='ocrx_word' id='word_1_56' title='bbox 1257 937 1331 1000; x_wconf 79' lang='lat' dir='ltr'>’Eut</span> <span class='ocrx_word' id='word_1_57' title='bbox 1350 935 1412 1002; x_wconf 81' lang='lat' dir='ltr'>rod-</span> 
     </span>
     <span class='ocr_line' id='line_1_8' title="bbox 252 1018 1412 1112; baseline -0.004 -21"><span class='ocrx_word' id='word_1_58' title='bbox 252 1045 315 1091; x_wconf 79' lang='lat' dir='ltr'>&#39;nov</span> <span class='ocrx_word' id='word_1_59' title='bbox 335 1025 392 1112; x_wconf 78' lang='grc' dir='ltr'>γὰρ</span> <span class='ocrx_word' id='word_1_60' title='bbox 441 1030 549 1097; x_wconf 66' lang='lat' dir='ltr'>enolae</span> <span class='ocrx_word' id='word_1_61' title='bbox 568 1022 622 1088; x_wconf 80' lang='lat' dir='ltr'>cdv</span> <span class='ocrx_word' id='word_1_62' title='bbox 631 1018 813 1088; x_wconf 78' lang='grc' dir='ltr'><strong><em>Αὐτόλυκον</em></strong></span> <span class='ocrx_word' id='word_1_63' title='bbox 833 1019 960 1098; x_wconf 70' lang='grc' dir='ltr'><strong><em>διδάξας</em></strong></span> <span class='ocrx_word' id='word_1_64' title='bbox 981 1021 1031 1086; x_wconf 81' lang='lat' dir='ltr'>dod</span> <span class='ocrx_word' id='word_1_65' title='bbox 1076 1019 1272 1105; x_wconf 76' lang='grc' dir='ltr'><strong><em>ημοστροίτοο</em></strong></span> <span class='ocrx_word' id='word_1_66' title='bbox 1291 1019 1412 1104; x_wconf 74' lang='grc' dir='ltr'>χλευάζει</span> 
     </span>
     <span class='ocr_line' id='line_1_9' title="bbox 258 1104 1412 1262; baseline -0.004 -1"><span class='ocrx_word' id='word_1_67' title='bbox 258 1111 315 1262; x_wconf 76' lang='lat' dir='ltr'>tt</span> <span class='ocrx_word' id='word_1_68' title='bbox 335 1104 762 1260; x_wconf 54' lang='lat' dir='ltr'>hhh‘ttdttltthh</span> <span class='ocrx_word' id='word_1_69' title='bbox 781 1107 1179 1260; x_wconf 64' lang='lat' dir='ltr'>hltrhthhhh</span> <span class='ocrx_word' id='word_1_70' title='bbox 1197 1107 1412 1256; x_wconf 55' lang='lat' dir='ltr'>thithht</span> 
     </span>
     <span class='ocr_line' id='line_1_10' title="bbox 257 1213 1411 1366; baseline -0.003 -21"><span class='ocrx_word' id='word_1_71' title='bbox 257 1280 335 1346; x_wconf 88' lang='lat' dir='ltr'>male</span> <span class='ocrx_word' id='word_1_72' title='bbox 356 1287 451 1345; x_wconf 89' lang='lat' dir='ltr'>antem</span> <span class='ocrx_word' id='word_1_73' title='bbox 465 1214 651 1361; x_wconf 77' lang='lat' dir='ltr'>Athendeiis,</span> <span class='ocrx_word' id='word_1_74' title='bbox 672 1279 720 1364; x_wconf 93' lang='lat' dir='ltr'>qni</span> <span class='ocrx_word' id='word_1_75' title='bbox 741 1215 933 1366; x_wconf 76' lang='lat' dir='ltr'>podlerioreor</span> <span class='ocrx_word' id='word_1_76' title='bbox 954 1213 1066 1342; x_wconf 77' lang='lat' dir='ltr'>tautrim</span> <span class='ocrx_word' id='word_1_77' title='bbox 1086 1213 1217 1344; x_wconf 81' lang='lat' dir='ltr'>lohulain</span> <span class='ocrx_word' id='word_1_78' title='bbox 1237 1241 1411 1365; x_wconf 76' lang='lat' dir='ltr'>usurpauissd</span> 
     </span>
     <span class='ocr_line' id='line_1_11' title="bbox 257 1363 1411 1452; baseline -0.003 -20"><span class='ocrx_word' id='word_1_79' title='bbox 257 1365 422 1432; x_wconf 89' lang='lat' dir='ltr'>censendus</span> <span class='ocrx_word' id='word_1_80' title='bbox 445 1370 506 1442; x_wconf 90' lang='lat' dir='ltr'>est,</span> <span class='ocrx_word' id='word_1_81' title='bbox 528 1385 623 1449; x_wconf 88' lang='lat' dir='ltr'>neque</span> <span class='ocrx_word' id='word_1_82' title='bbox 644 1363 730 1428; x_wconf 89' lang='lat' dir='ltr'>aliam</span> <span class='ocrx_word' id='word_1_83' title='bbox 753 1369 906 1452; x_wconf 88' lang='lat' dir='ltr'>praeterea</span> <span class='ocrx_word' id='word_1_84' title='bbox 927 1383 995 1428; x_wconf 88' lang='lat' dir='ltr'>esse</span> <span class='ocrx_word' id='word_1_85' title='bbox 1016 1368 1212 1450; x_wconf 80' lang='lat' dir='ltr'>cognoverat,</span> <span class='ocrx_word' id='word_1_86' title='bbox 1234 1383 1271 1427; x_wconf 88' lang='lat' dir='ltr'>ca</span> <span class='ocrx_word' id='word_1_87' title='bbox 1290 1383 1358 1448; x_wconf 87' lang='lat' dir='ltr'>qnae</span> <span class='ocrx_word' id='word_1_88' title='bbox 1377 1363 1411 1428; x_wconf 89' lang='lat' dir='ltr'>ihi</span> 
     </span>
     <span class='ocr_line' id='line_1_12' title="bbox 257 1445 1411 1540; baseline -0.003 -26"><span class='ocrx_word' id='word_1_89' title='bbox 257 1457 382 1540; x_wconf 78' lang='lat' dir='ltr'>apoeta</span> <span class='ocrx_word' id='word_1_90' title='bbox 403 1449 512 1538; x_wconf 89' lang='lat' dir='ltr'>scripta</span> <span class='ocrx_word' id='word_1_91' title='bbox 531 1448 652 1537; x_wconf 89' lang='lat' dir='ltr'>reperit,</span> <span class='ocrx_word' id='word_1_92' title='bbox 674 1447 809 1512; x_wconf 90' lang='lat' dir='ltr'>adhunc</span> <span class='ocrx_word' id='word_1_93' title='bbox 831 1469 938 1512; x_wconf 92' lang='lat' dir='ltr'>aunum</span> <span class='ocrx_word' id='word_1_94' title='bbox 958 1449 1073 1512; x_wconf 79' lang='lat' dir='ltr'>retulit:</span> <span class='ocrx_word' id='word_1_95' title='bbox 1096 1447 1169 1512; x_wconf 89' lang='lat' dir='ltr'>casti</span> <span class='ocrx_word' id='word_1_96' title='bbox 1212 1447 1308 1536; x_wconf 77' lang='lat' dir='ltr'>vitque</span> <span class='ocrx_word' id='word_1_97' title='bbox 1328 1445 1411 1511; x_wconf 73' lang='lat' dir='ltr'>Athe</span> 
     </span>
     <span class='ocr_line' id='line_1_13' title="bbox 256 1529 1410 1620; baseline -0.002 -22"><span class='ocrx_word' id='word_1_98' title='bbox 256 1535 325 1600; x_wconf 89' lang='lat' dir='ltr'>naei</span> <span class='ocrx_word' id='word_1_99' title='bbox 356 1555 487 1598; x_wconf 85' lang='lat' dir='ltr'>errorem</span> <span class='ocrx_word' id='word_1_100' title='bbox 519 1533 567 1597; x_wconf 84' lang='lat' dir='ltr'>vir</span> <span class='ocrx_word' id='word_1_101' title='bbox 600 1533 785 1599; x_wconf 90' lang='lat' dir='ltr'>doctissimus</span> <span class='ocrx_word' id='word_1_102' title='bbox 812 1529 985 1596; x_wconf 86' lang='lat' dir='ltr'>Meinekius</span> <span class='ocrx_word' id='word_1_103' title='bbox 1013 1531 1133 1606; x_wconf 82' lang='lat' dir='ltr'>Quaest.</span> <span class='ocrx_word' id='word_1_104' title='bbox 1180 1553 1245 1596; x_wconf 90' lang='lat' dir='ltr'>cen.</span> <span class='ocrx_word' id='word_1_105' title='bbox 1274 1531 1298 1598; x_wconf 90' lang='lat' dir='ltr'>l.</span> <span class='ocrx_word' id='word_1_106' title='bbox 1322 1553 1349 1620; x_wconf 90' lang='lat' dir='ltr'>p.</span> <span class='ocrx_word' id='word_1_107' title='bbox 1366 1529 1410 1596; x_wconf 75' lang='lat' dir='ltr'>At.</span> 
     </span>
     <span class='ocr_line' id='line_1_14' title="bbox 254 1615 1411 1706; baseline -0.002 -24"><span class='ocrx_word' id='word_1_108' title='bbox 254 1617 381 1683; x_wconf 89' lang='lat' dir='ltr'>Penitns</span> <span class='ocrx_word' id='word_1_109' title='bbox 403 1618 499 1682; x_wconf 83' lang='lat' dir='ltr'>auteur</span> <span class='ocrx_word' id='word_1_110' title='bbox 520 1616 644 1684; x_wconf 86' lang='lat' dir='ltr'>differre</span> <span class='ocrx_word' id='word_1_111' title='bbox 664 1624 816 1704; x_wconf 85' lang='lat' dir='ltr'>utramque</span> <span class='ocrx_word' id='word_1_112' title='bbox 838 1616 1016 1682; x_wconf 73' lang='lat' dir='ltr'>comoediam</span> <span class='ocrx_word' id='word_1_113' title='bbox 1045 1617 1118 1683; x_wconf 88' lang='lat' dir='ltr'>satis</span> <span class='ocrx_word' id='word_1_114' title='bbox 1146 1635 1291 1706; x_wconf 87' lang='lat' dir='ltr'>superque</span> <span class='ocrx_word' id='word_1_115' title='bbox 1316 1615 1411 1680; x_wconf 88' lang='lat' dir='ltr'>indicat</span> 
     </span>
     <span class='ocr_line' id='line_1_15' title="bbox 256 1700 1410 1790; baseline -0.003 -22"><span class='ocrx_word' id='word_1_116' title='bbox 256 1701 388 1768; x_wconf 87' lang='lat' dir='ltr'>Galenus</span> <span class='ocrx_word' id='word_1_117' title='bbox 416 1702 457 1770; x_wconf 86' lang='lat' dir='ltr'>T.</span> <span class='ocrx_word' id='word_1_118' title='bbox 478 1701 532 1768; x_wconf 83' lang='lat' dir='ltr'>xl.</span> <span class='ocrx_word' id='word_1_119' title='bbox 557 1704 630 1790; x_wconf 83' lang='lat' dir='ltr'>p.a</span> <span class='ocrx_word' id='word_1_120' title='bbox 662 1701 708 1768; x_wconf 90' lang='lat' dir='ltr'>ed.</span> <span class='ocrx_word' id='word_1_121' title='bbox 730 1701 887 1784; x_wconf 77' lang='lat' dir='ltr'>Charton,</span> <span class='ocrx_word' id='word_1_122' title='bbox 929 1701 980 1766; x_wconf 86' lang='lat' dir='ltr'>uhi</span> <span class='ocrx_word' id='word_1_123' title='bbox 1012 1700 1049 1766; x_wconf 91' lang='lat' dir='ltr'>de</span> <span class='ocrx_word' id='word_1_124' title='bbox 1078 1701 1247 1766; x_wconf 85' lang='lat' dir='ltr'>diasceuasi</span> <span class='ocrx_word' id='word_1_125' title='bbox 1286 1700 1410 1765; x_wconf 88' lang='lat' dir='ltr'>lihromu</span> 
     </span>
     <span class='ocr_line' id='line_1_16' title="bbox 254 1782 1412 1872; baseline -0.004 -20"><span class='ocrx_word' id='word_1_126' title='bbox 254 1787 391 1855; x_wconf 80' lang='lat' dir='ltr'>disserit:</span> <span class='ocrx_word' id='word_1_127' title='bbox 433 1784 640 1871; x_wconf 77' lang='grc' dir='ltr'><strong><em>Παροίδιιγμα</em></strong></span> <span class='ocrx_word' id='word_1_128' title='bbox 670 1785 702 1851; x_wconf 72' lang='grc' dir='ltr'>δ’</span> <span class='ocrx_word' id='word_1_129' title='bbox 731 1789 757 1850; x_wconf 80' lang='grc' dir='ltr'>εἰ</span> <span class='ocrx_word' id='word_1_130' title='bbox 781 1783 887 1868; x_wconf 72' lang='grc' dir='ltr'>βούλει</span> <span class='ocrx_word' id='word_1_131' title='bbox 916 1782 1029 1854; x_wconf 68' lang='grc' dir='ltr'><strong><em>τούτου</em></strong></span> <span class='ocrx_word' id='word_1_132' title='bbox 1060 1786 1233 1872; x_wconf 80' lang='grc' dir='ltr'><strong><em>σαφηνείας</em></strong></span> <span class='ocrx_word' id='word_1_133' title='bbox 1266 1787 1346 1851; x_wconf 65' lang='grc' dir='ltr'><strong><em>ἕνεκα</em></strong></span> <span class='ocrx_word' id='word_1_134' title='bbox 1368 1784 1412 1848; x_wconf 80' lang='grc' dir='ltr'>τὸν</span> 
     </span>
     <span class='ocr_line' id='line_1_17' title="bbox 255 1867 1412 1957; baseline -0.002 -23"><span class='ocrx_word' id='word_1_135' title='bbox 255 1868 396 1957; x_wconf 67' lang='grc' dir='ltr'>δεύτεροι</span> <span class='ocrx_word' id='word_1_136' title='bbox 415 1869 599 1936; x_wconf 80' lang='grc' dir='ltr'><strong><em>Αὐτόλυκον</em></strong></span> <span class='ocrx_word' id='word_1_137' title='bbox 619 1867 792 1950; x_wconf 71' lang='grc' dir='ltr'><strong><em>Εὐπόλιδος</em></strong></span> <span class='ocrx_word' id='word_1_138' title='bbox 812 1869 888 1952; x_wconf 73' lang='grc' dir='ltr'><strong><em>ἴχτις</em></strong></span> <span class='ocrx_word' id='word_1_139' title='bbox 908 1871 942 1935; x_wconf 75' lang='grc' dir='ltr'>ἐκ</span> <span class='ocrx_word' id='word_1_140' title='bbox 962 1875 1019 1935; x_wconf 78' lang='grc' dir='ltr'>τοῦ</span> <span class='ocrx_word' id='word_1_141' title='bbox 1040 1871 1191 1956; x_wconf 67' lang='grc' dir='ltr'><strong><em>προτέρου</em></strong></span> <span class='ocrx_word' id='word_1_142' title='bbox 1219 1867 1412 1950; x_wconf 68' lang='lat' dir='ltr'>domocul-</span> 
     </span>
     <span class='ocr_line' id='line_1_18' title="bbox 254 1955 1412 2056; baseline -0.002 -36"><span class='ocrx_word' id='word_1_143' title='bbox 254 1979 317 2024; x_wconf 79' lang='grc' dir='ltr'><strong><em>τοι.</em></strong></span> <span class='ocrx_word' id='word_1_144' title='bbox 359 1955 422 2022; x_wconf 88' lang='lat' dir='ltr'>lam</span> <span class='ocrx_word' id='word_1_145' title='bbox 444 1977 519 2042; x_wconf 89' lang='lat' dir='ltr'>quae</span> <span class='ocrx_word' id='word_1_146' title='bbox 539 1955 714 2022; x_wconf 78' lang='lat' dir='ltr'>Athenaeus</span> <span class='ocrx_word' id='word_1_147' title='bbox 737 1977 776 2022; x_wconf 84' lang='lat' dir='ltr'>ex</span> <span class='ocrx_word' id='word_1_148' title='bbox 798 1955 946 2048; x_wconf 79' lang='lat' dir='ltr'>Autolyco</span> <span class='ocrx_word' id='word_1_149' title='bbox 967 1955 1099 2056; x_wconf 87' lang='lat' dir='ltr'>profert,</span> <span class='ocrx_word' id='word_1_150' title='bbox 1121 1977 1158 2020; x_wconf 86' lang='lat' dir='ltr'>ea</span> <span class='ocrx_word' id='word_1_151' title='bbox 1179 1956 1283 2020; x_wconf 81' lang='lat' dir='ltr'>omnia</span> <span class='ocrx_word' id='word_1_152' title='bbox 1302 1955 1412 2019; x_wconf 82' lang='lat' dir='ltr'>arbitror</span> 
     </span>
     <span class='ocr_line' id='line_1_19' title="bbox 254 2039 1411 2131; baseline -0.003 -25"><span class='ocrx_word' id='word_1_153' title='bbox 254 2039 291 2106; x_wconf 91' lang='lat' dir='ltr'>ad</span> <span class='ocrx_word' id='word_1_154' title='bbox 317 2041 447 2131; x_wconf 86' lang='lat' dir='ltr'>priorem</span> <span class='ocrx_word' id='word_1_155' title='bbox 468 2041 597 2106; x_wconf 79' lang='lat' dir='ltr'>fabulam</span> <span class='ocrx_word' id='word_1_156' title='bbox 618 2041 779 2107; x_wconf 81' lang='lat' dir='ltr'>celeranda</span> <span class='ocrx_word' id='word_1_157' title='bbox 799 2062 885 2122; x_wconf 90' lang='lat' dir='ltr'>esse,</span> <span class='ocrx_word' id='word_1_158' title='bbox 912 2045 944 2108; x_wconf 89' lang='lat' dir='ltr'>ut</span> <span class='ocrx_word' id='word_1_159' title='bbox 969 2040 1058 2122; x_wconf 79' lang='lat' dir='ltr'>rlluo,</span> <span class='ocrx_word' id='word_1_160' title='bbox 1089 2039 1164 2125; x_wconf 89' lang='lat' dir='ltr'>quod</span> <span class='ocrx_word' id='word_1_161' title='bbox 1192 2041 1308 2128; x_wconf 84' lang='lat' dir='ltr'>legitur</span> <span class='ocrx_word' id='word_1_162' title='bbox 1324 2039 1371 2104; x_wconf 84' lang='lat' dir='ltr'>IX.</span> <span class='ocrx_word' id='word_1_163' title='bbox 1388 2059 1411 2127; x_wconf 87' lang='lat' dir='ltr'>p.</span> 
     </span>
     <span class='ocr_line' id='line_1_20' title="bbox 249 2121 1383 2211; baseline -0.002 -20"><span class='ocrx_word' id='word_1_164' title='bbox 249 2125 318 2194; x_wconf 77' lang='grc'>368</span> <span class='ocrx_word' id='word_1_165' title='bbox 337 2123 386 2191; x_wconf 81' lang='lat' dir='ltr'>Dr</span> <span class='ocrx_word' id='word_1_166' title='bbox 408 2126 471 2190; x_wconf 78' lang='lat' dir='ltr'>Kal</span> <span class='ocrx_word' id='word_1_167' title='bbox 494 2129 615 2210; x_wconf 79' lang='grc' dir='ltr'><strong><em>κωλῆνα</em></strong></span> <span class='ocrx_word' id='word_1_168' title='bbox 637 2124 671 2190; x_wconf 73' lang='grc' dir='ltr'>δὲ</span> <span class='ocrx_word' id='word_1_169' title='bbox 692 2123 812 2210; x_wconf 60' lang='grc' dir='ltr'>λέγουσι</span> <span class='ocrx_word' id='word_1_170' title='bbox 833 2127 884 2188; x_wconf 82' lang='grc' dir='ltr'>καλ</span> <span class='ocrx_word' id='word_1_171' title='bbox 905 2127 1022 2208; x_wconf 75' lang='grc' dir='ltr'><strong><em>κωλῆν·</em></strong></span> <span class='ocrx_word' id='word_1_172' title='bbox 1043 2122 1182 2201; x_wconf 63' lang='grc' dir='ltr'>Εὔπολις</span> <span class='ocrx_word' id='word_1_173' title='bbox 1209 2121 1383 2211; x_wconf 70' lang='grc' dir='ltr'>Αὐτολύκῳ·</span> 
     </span>
     <span class='ocr_line' id='line_1_21' title="bbox 336 2205 1008 2294; baseline -0.003 -20"><span class='ocrx_word' id='word_1_174' title='bbox 336 2209 436 2292; x_wconf 61' lang='lat' dir='ltr'>Sallu</span> <span class='ocrx_word' id='word_1_175' title='bbox 458 2208 493 2274; x_wconf 75' lang='lat' dir='ltr'>dl</span> <span class='ocrx_word' id='word_1_176' title='bbox 514 2211 564 2274; x_wconf 81' lang='grc' dir='ltr'>καλ</span> <span class='ocrx_word' id='word_1_177' title='bbox 587 2214 717 2290; x_wconf 77' lang='grc' dir='ltr'>κωλῆνος</span> <span class='ocrx_word' id='word_1_178' title='bbox 738 2205 872 2274; x_wconf 74' lang='grc' dir='ltr'><strong><em>ιῦθῦτοο</em></strong></span> <span class='ocrx_word' id='word_1_179' title='bbox 889 2209 1008 2294; x_wconf 71' lang='lat' dir='ltr'>&#39;plpoo¹</span> 
     </span>
     <span class='ocr_line' id='line_1_22' title="bbox 253 2291 1410 2382; baseline -0.003 -23"><span class='ocrx_word' id='word_1_180' title='bbox 253 2293 396 2380; x_wconf 78' lang='lat' dir='ltr'>siquidem</span> <span class='ocrx_word' id='word_1_181' title='bbox 424 2301 505 2360; x_wconf 89' lang='lat' dir='ltr'>recte</span> <span class='ocrx_word' id='word_1_182' title='bbox 536 2294 610 2360; x_wconf 91' lang='lat' dir='ltr'>haec</span> <span class='ocrx_word' id='word_1_183' title='bbox 636 2291 788 2360; x_wconf 88' lang='lat' dir='ltr'>lacohsius</span> <span class='ocrx_word' id='word_1_184' title='bbox 822 2294 1004 2378; x_wconf 80' lang='lat' dir='ltr'>emendavit,</span> <span class='ocrx_word' id='word_1_185' title='bbox 1046 2315 1122 2382; x_wconf 88' lang='lat' dir='ltr'>quae</span> <span class='ocrx_word' id='word_1_186' title='bbox 1149 2293 1185 2359; x_wconf 91' lang='lat' dir='ltr'>de</span> <span class='ocrx_word' id='word_1_187' title='bbox 1223 2315 1306 2360; x_wconf 85' lang='lat' dir='ltr'>sacra</span> <span class='ocrx_word' id='word_1_188' title='bbox 1329 2291 1364 2358; x_wconf 91' lang='lat' dir='ltr'>ali</span> <span class='ocrx_word' id='word_1_189' title='bbox 1381 2312 1410 2356; x_wconf 90' lang='lat' dir='ltr'>na</span> 
     </span>
     <span class='ocr_line' id='line_1_23' title="bbox 252 2377 1409 2468; baseline -0.003 -25"><span class='ocrx_word' id='word_1_190' title='bbox 252 2397 347 2444; x_wconf 89' lang='lat' dir='ltr'>eoena</span> <span class='ocrx_word' id='word_1_191' title='bbox 374 2377 452 2442; x_wconf 84' lang='lat' dir='ltr'>dicta</span> <span class='ocrx_word' id='word_1_192' title='bbox 478 2384 564 2460; x_wconf 91' lang='lat' dir='ltr'>sunt,</span> <span class='ocrx_word' id='word_1_193' title='bbox 605 2397 678 2462; x_wconf 88' lang='lat' dir='ltr'>quas</span> <span class='ocrx_word' id='word_1_194' title='bbox 704 2377 847 2466; x_wconf 87' lang='lat' dir='ltr'>plurimas</span> <span class='ocrx_word' id='word_1_195' title='bbox 872 2379 1107 2468; x_wconf 77' lang='lat' dir='ltr'>repraesentavit</span> <span class='ocrx_word' id='word_1_196' title='bbox 1127 2380 1257 2466; x_wconf 84' lang='lat' dir='ltr'>antiqua.</span> <span class='ocrx_word' id='word_1_197' title='bbox 1272 2399 1329 2444; x_wconf 85' lang='lat' dir='ltr'>corr</span> <span class='ocrx_word' id='word_1_198' title='bbox 1379 2377 1409 2439; x_wconf 88' lang='lat' dir='ltr'>ia.</span> 
     </span>
     <span class='ocr_line' id='line_1_24' title="bbox 251 2459 1409 2552; baseline -0.003 -24"><span class='ocrx_word' id='word_1_199' title='bbox 251 2461 325 2528; x_wconf 84' lang='lat' dir='ltr'>Item</span> <span class='ocrx_word' id='word_1_200' title='bbox 348 2461 386 2528; x_wconf 89' lang='lat' dir='ltr'>ad</span> <span class='ocrx_word' id='word_1_201' title='bbox 406 2461 534 2552; x_wconf 88' lang='lat' dir='ltr'>priorem</span> <span class='ocrx_word' id='word_1_202' title='bbox 548 2459 735 2551; x_wconf 73' lang='lat' dir='ltr'>¹Autolycum</span> <span class='ocrx_word' id='word_1_203' title='bbox 755 2463 874 2550; x_wconf 79' lang='lat' dir='ltr'>refero,</span> <span class='ocrx_word' id='word_1_204' title='bbox 899 2463 975 2548; x_wconf 89' lang='lat' dir='ltr'>quod</span> <span class='ocrx_word' id='word_1_205' title='bbox 997 2463 1109 2552; x_wconf 83' lang='lat' dir='ltr'>legitur</span> <span class='ocrx_word' id='word_1_206' title='bbox 1128 2464 1243 2530; x_wconf 84' lang='lat' dir='ltr'>ibidem</span> <span class='ocrx_word' id='word_1_207' title='bbox 1264 2463 1347 2552; x_wconf 84' lang='lat' dir='ltr'>supra</span> <span class='ocrx_word' id='word_1_208' title='bbox 1364 2459 1409 2526; x_wconf 86' lang='lat' dir='ltr'>Ill.</span> 
     </span>
     <span class='ocr_line' id='line_1_25' title="bbox 273 2542 1409 2640; baseline -0.005 -27"><span class='ocrx_word' id='word_1_209' title='bbox 273 2547 341 2613; x_wconf 76' lang='lat'>‚89</span> <span class='ocrx_word' id='word_1_210' title='bbox 361 2545 406 2611; x_wconf 83' lang='lat' dir='ltr'>F:</span> <span class='ocrx_word' id='word_1_211' title='bbox 431 2545 498 2624; x_wconf 75' lang='grc' dir='ltr'>Τὰς</span> <span class='ocrx_word' id='word_1_212' title='bbox 518 2546 553 2610; x_wconf 78' lang='lat' dir='ltr'>dd</span> <span class='ocrx_word' id='word_1_213' title='bbox 573 2548 678 2624; x_wconf 72' lang='lat' dir='ltr'>selduc</span> <span class='ocrx_word' id='word_1_214' title='bbox 700 2543 716 2610; x_wconf 84' lang='grc' dir='ltr'><em>ὃ</em></span> <span class='ocrx_word' id='word_1_215' title='bbox 736 2545 871 2622; x_wconf 63' lang='grc' dir='ltr'>Εὔπολις</span> <span class='ocrx_word' id='word_1_216' title='bbox 891 2549 923 2612; x_wconf 77' lang='lat' dir='ltr'>lv</span> <span class='ocrx_word' id='word_1_217' title='bbox 933 2545 1106 2633; x_wconf 73' lang='grc' dir='ltr'>Αὐτολύκῳ</span> <span class='ocrx_word' id='word_1_218' title='bbox 1127 2547 1233 2640; x_wconf 63' lang='lat' dir='ltr'>drale}</span> <span class='ocrx_word' id='word_1_219' title='bbox 1259 2542 1409 2626; x_wconf 75' lang='grc' dir='ltr'><strong><em>αςόνομά-</em></strong></span> 
     </span>
     <span class='ocr_line' id='line_1_26' title="bbox 251 2567 1409 2722; baseline -0.003 -26"><span class='ocrx_word' id='word_1_220' title='bbox 251 2567 303 2710; x_wconf 68' lang='lat' dir='ltr'>leo.</span> <span class='ocrx_word' id='word_1_221' title='bbox 328 2629 369 2695; x_wconf 88' lang='lat' dir='ltr'>Et</span> <span class='ocrx_word' id='word_1_222' title='bbox 390 2631 427 2697; x_wconf 91' lang='lat' dir='ltr'>ad</span> <span class='ocrx_word' id='word_1_223' title='bbox 468 2632 576 2696; x_wconf 88' lang='lat' dir='ltr'>riorem</span> <span class='ocrx_word' id='word_1_224' title='bbox 588 2630 768 2719; x_wconf 78' lang='lat' dir='ltr'>Autolycum</span> <span class='ocrx_word' id='word_1_225' title='bbox 789 2640 891 2721; x_wconf 84' lang='lat' dir='ltr'>aperte</span> <span class='ocrx_word' id='word_1_226' title='bbox 911 2635 1040 2722; x_wconf 85' lang='lat' dir='ltr'>pertinet</span> <span class='ocrx_word' id='word_1_227' title='bbox 1059 2633 1149 2716; x_wconf 90' lang='lat' dir='ltr'>illud,</span> <span class='ocrx_word' id='word_1_228' title='bbox 1170 2575 1257 2719; x_wconf 79' lang='lat' dir='ltr'>qnod</span> <span class='ocrx_word' id='word_1_229' title='bbox 1263 2633 1409 2700; x_wconf 81' lang='lat' dir='ltr'>Scholiasta</span> 
     </span>
     <span class='ocr_line' id='line_1_27' title="bbox 251 2653 1470 2807; baseline -0.002 -25"><span class='ocrx_word' id='word_1_230' title='bbox 251 2716 387 2782; x_wconf 76' lang='lat' dir='ltr'>Platonis</span> <span class='ocrx_word' id='word_1_231' title='bbox 407 2737 437 2804; x_wconf 88' lang='lat' dir='ltr'>p.</span> <span class='ocrx_word' id='word_1_232' title='bbox 447 2653 511 2782; x_wconf 70' lang='lat' dir='ltr'>lat</span> <span class='ocrx_word' id='word_1_233' title='bbox 534 2717 605 2781; x_wconf 87' lang='lat' dir='ltr'>dicit</span> <span class='ocrx_word' id='word_1_234' title='bbox 614 2716 847 2807; x_wconf 86' lang='lat' dir='ltr'>Aristophanem</span> <span class='ocrx_word' id='word_1_235' title='bbox 869 2719 905 2788; x_wconf 84' lang='lat' dir='ltr'>ab</span> <span class='ocrx_word' id='word_1_236' title='bbox 921 2717 1066 2806; x_wconf 80' lang='lat' dir='ltr'>Eupolide</span> <span class='ocrx_word' id='word_1_237' title='bbox 1087 2719 1120 2783; x_wconf 94' lang='lat' dir='ltr'>in</span> <span class='ocrx_word' id='word_1_238' title='bbox 1137 2719 1286 2806; x_wconf 82' lang='lat' dir='ltr'>Autolyco</span> <span class='ocrx_word' id='word_1_239' title='bbox 1305 2718 1406 2782; x_wconf 76' lang='lat' dir='ltr'>irnisour</span> <span class='ocrx_word' id='word_1_240' title='bbox 1469 2741 1470 2780; x_wconf 79' lang='grc' dir='ltr'><strong><em>ι</em></strong></span> 
     </span>
     <span class='ocr_line' id='line_1_28' title="bbox 253 2797 1470 2892; baseline -0.006 -25"><span class='ocrx_word' id='word_1_241' title='bbox 253 2821 332 2883; x_wconf 88' lang='lat' dir='ltr'>esso,</span> <span class='ocrx_word' id='word_1_242' title='bbox 353 2798 456 2866; x_wconf 71' lang='grc' dir='ltr'><strong><em>ὅτιτὸ</em></strong></span> <span class='ocrx_word' id='word_1_243' title='bbox 477 2806 532 2884; x_wconf 81' lang='grc' dir='ltr'>τῆς</span> <span class='ocrx_word' id='word_1_244' title='bbox 546 2797 680 2884; x_wconf 73' lang='grc' dir='ltr'><strong><em>Εἰρήνης</em></strong></span> <span class='ocrx_word' id='word_1_245' title='bbox 700 2801 878 2868; x_wconf 81' lang='grc' dir='ltr'><strong><em>κολοσσικὸι</em></strong></span> <span class='ocrx_word' id='word_1_246' title='bbox 899 2803 1003 2887; x_wconf 75' lang='grc' dir='ltr'><strong><em>ἔξῇρειι</em></strong></span> <span class='ocrx_word' id='word_1_247' title='bbox 1023 2800 1157 2884; x_wconf 74' lang='grc' dir='ltr'>ἄγαλμα.</span> <span class='ocrx_word' id='word_1_248' title='bbox 1179 2802 1407 2892; x_wconf 79' lang='lat' dir='ltr'>Reprehendunt</span> <span class='ocrx_word' id='word_1_249' title='bbox 1469 2801 1470 2822; x_wconf 67' lang='lat'>¹</span> 
     </span>
     <span class='ocr_line' id='line_1_29' title="bbox 252 2883 1470 3038; baseline -0.006 -86"><span class='ocrx_word' id='word_1_250' title='bbox 252 2885 331 2952; x_wconf 87' lang='lat' dir='ltr'>enim</span> <span class='ocrx_word' id='word_1_251' title='bbox 351 2883 475 2985; x_wconf 80' lang='lat' dir='ltr'>Eppolis</span> <span class='ocrx_word' id='word_1_252' title='bbox 495 2885 576 2952; x_wconf 89' lang='lat' dir='ltr'>illam</span> <span class='ocrx_word' id='word_1_253' title='bbox 597 2885 686 2953; x_wconf 91' lang='lat' dir='ltr'>Pacis</span> <span class='ocrx_word' id='word_1_254' title='bbox 708 2887 879 2990; x_wconf 74' lang='lat' dir='ltr'>irroaginem,</span> <span class='ocrx_word' id='word_1_255' title='bbox 901 2909 985 2972; x_wconf 90' lang='lat' dir='ltr'>qoam</span> <span class='ocrx_word' id='word_1_256' title='bbox 995 2887 1218 3038; x_wconf 81' lang='lat' dir='ltr'>Aristophanes</span> <span class='ocrx_word' id='word_1_257' title='bbox 1241 2887 1365 2954; x_wconf 79' lang='lat' dir='ltr'>exhihuit</span> <span class='ocrx_word' id='word_1_258' title='bbox 1381 2885 1407 2947; x_wconf 92' lang='lat' dir='ltr'>iu</span> <span class='ocrx_word' id='word_1_259' title='bbox 1469 2893 1470 2985; x_wconf 35' lang='grc' dir='ltr'>ζ</span> 
     </span>
     <span class='ocr_line' id='line_1_30' title="bbox 251 2967 1407 3154; baseline -0.005 -32"><span class='ocrx_word' id='word_1_260' title='bbox 251 2989 435 3154; x_wconf 73' lang='lat' dir='ltr'>cerua</span> <span class='ocrx_word' id='word_1_261' title='bbox 449 2967 1407 3154; x_wconf 51' lang='lat' dir='ltr'>{aooretrotrahatur,ottrahhhtr</span> 
     </span>
     <span class='ocr_line' id='line_1_31' title="bbox 251 3138 1406 3230; baseline -0.006 -23"><span class='ocrx_word' id='word_1_262' title='bbox 251 3141 298 3207; x_wconf 89' lang='lat' dir='ltr'>dis</span> <span class='ocrx_word' id='word_1_263' title='bbox 320 3139 427 3204; x_wconf 87' lang='lat' dir='ltr'>rudrcro</span> <span class='ocrx_word' id='word_1_264' title='bbox 448 3138 519 3203; x_wconf 89' lang='lat' dir='ltr'>alrhr</span> <span class='ocrx_word' id='word_1_265' title='bbox 541 3139 788 3230; x_wconf 80' lang='lat' dir='ltr'>dicenturplura.</span> <span class='ocrx_word' id='word_1_266' title='bbox 810 3139 898 3204; x_wconf 87' lang='lat' dir='ltr'>Alter</span> <span class='ocrx_word' id='word_1_267' title='bbox 918 3139 1195 3228; x_wconf 81' lang='lat' dir='ltr'>autem‘Autolycus</span> <span class='ocrx_word' id='word_1_268' title='bbox 1217 3164 1272 3230; x_wconf 88' lang='lat' dir='ltr'>quo</span> <span class='ocrx_word' id='word_1_269' title='bbox 1293 3150 1406 3228; x_wconf 87' lang='lat' dir='ltr'>tempore</span> 
     </span>
     <span class='ocr_line' id='line_1_32' title="bbox 250 3219 1407 3312; baseline 0 -22"><span class='ocrx_word' id='word_1_270' title='bbox 250 3225 352 3290; x_wconf 93' lang='lat' dir='ltr'>doctus</span> <span class='ocrx_word' id='word_1_271' title='bbox 381 3224 421 3288; x_wconf 90' lang='lat' dir='ltr'>sit</span> <span class='ocrx_word' id='word_1_272' title='bbox 440 3221 591 3288; x_wconf 89' lang='lat' dir='ltr'>Meinekii</span> <span class='ocrx_word' id='word_1_273' title='bbox 619 3225 767 3312; x_wconf 83' lang='lat' dir='ltr'>sagacitas</span> <span class='ocrx_word' id='word_1_274' title='bbox 793 3224 964 3310; x_wconf 82' lang='lat' dir='ltr'>indagavit3</span> <span class='ocrx_word' id='word_1_275' title='bbox 992 3247 1061 3290; x_wconf 92' lang='lat' dir='ltr'>uam</span> <span class='ocrx_word' id='word_1_276' title='bbox 1093 3249 1132 3291; x_wconf 86' lang='lat' dir='ltr'>ex</span> <span class='ocrx_word' id='word_1_277' title='bbox 1160 3227 1212 3292; x_wconf 89' lang='lat' dir='ltr'>illo</span> <span class='ocrx_word' id='word_1_278' title='bbox 1239 3247 1340 3304; x_wconf 83' lang='lat' dir='ltr'>versu,</span> <span class='ocrx_word' id='word_1_279' title='bbox 1368 3219 1407 3306; x_wconf 80' lang='lat' dir='ltr'>qui</span> 
     </span>
     <span class='ocr_line' id='line_1_33' title="bbox 250 3306 1383 3404; baseline 0 -28"><span class='ocrx_word' id='word_1_280' title='bbox 250 3309 368 3400; x_wconf 72' lang='lat' dir='ltr'>legitur,</span> <span class='ocrx_word' id='word_1_281' title='bbox 383 3307 459 3398; x_wconf 90' lang='lat' dir='ltr'>apud</span> <span class='ocrx_word' id='word_1_282' title='bbox 480 3306 677 3374; x_wconf 85' lang='lat' dir='ltr'>Scholiastam</span> <span class='ocrx_word' id='word_1_283' title='bbox 698 3309 823 3375; x_wconf 81' lang='lat' dir='ltr'>Homeri</span> <span class='ocrx_word' id='word_1_284' title='bbox 843 3307 880 3374; x_wconf 88' lang='lat'>11.</span> <span class='ocrx_word' id='word_1_285' title='bbox 902 3309 978 3398; x_wconf 89' lang='lat' dir='ltr'>apud</span> <span class='ocrx_word' id='word_1_286' title='bbox 1000 3309 1102 3398; x_wconf 88' lang='lat' dir='ltr'>lleyu.</span> <span class='ocrx_word' id='word_1_287' title='bbox 1124 3311 1166 3380; x_wconf 88' lang='grc' dir='ltr'>Τ.</span> <span class='ocrx_word' id='word_1_288' title='bbox 1188 3311 1244 3386; x_wconf 85' lang='lat' dir='ltr'>Vl.</span> <span class='ocrx_word' id='word_1_289' title='bbox 1264 3333 1292 3404; x_wconf 84' lang='lat' dir='ltr'>p.</span> <span class='ocrx_word' id='word_1_290' title='bbox 1313 3307 1383 3376; x_wconf 79' lang='lat'><strong>046:</strong></span> 
     </span>
     <span class='ocr_line' id='line_1_34' title="bbox 328 3389 1118 3496; baseline 0 -40"><span class='ocrx_word' id='word_1_291' title='bbox 328 3389 411 3476; x_wconf 75' lang='grc' dir='ltr'>Ἤδη</span> <span class='ocrx_word' id='word_1_292' title='bbox 433 3390 492 3478; x_wconf 75' lang='grc' dir='ltr'>γὰρ</span> <span class='ocrx_word' id='word_1_293' title='bbox 509 3391 709 3477; x_wconf 75' lang='grc' dir='ltr'><strong><em>Ἀρίσταρχον</em></strong></span> <span class='ocrx_word' id='word_1_294' title='bbox 730 3393 951 3494; x_wconf 75' lang='grc' dir='ltr'>στρατηγοῦντ’</span> <span class='ocrx_word' id='word_1_295' title='bbox 967 3392 1118 3496; x_wconf 60' lang='grc' dir='ltr'><strong><em>ἄχθομαρ</em></strong></span> 
     </span>
     <span class='ocr_line' id='line_1_35' title="bbox 251 3475 1408 3654; baseline -0.008 -25"><span class='ocrx_word' id='word_1_296' title='bbox 251 3475 769 3648; x_wconf 49' lang='grc' dir='ltr'>λὲἓῖἓῖοὲῗξαιλῗλῖῒοῗιο</span> <span class='ocrx_word' id='word_1_297' title='bbox 784 3499 867 3650; x_wconf 69' lang='lat' dir='ltr'>llio</span> <span class='ocrx_word' id='word_1_298' title='bbox 888 3485 1043 3628; x_wconf 69' lang='lat' dir='ltr'>httth</span> <span class='ocrx_word' id='word_1_299' title='bbox 1060 3486 1408 3654; x_wconf 52' lang='lat' dir='ltr'>tttttxthoht</span> 
     </span>
     <span class='ocr_line' id='line_1_36' title="bbox 249 3645 1409 3736; baseline -0.002 -27"><span class='ocrx_word' id='word_1_300' title='bbox 249 3646 376 3736; x_wconf 87' lang='lat' dir='ltr'>primum</span> <span class='ocrx_word' id='word_1_301' title='bbox 397 3651 427 3712; x_wconf 89' lang='lat' dir='ltr'>et</span> <span class='ocrx_word' id='word_1_302' title='bbox 447 3646 621 3732; x_wconf 69' lang='lat' dir='ltr'>secunduma</span> <span class='ocrx_word' id='word_1_303' title='bbox 649 3669 717 3712; x_wconf 87' lang='lat' dir='ltr'>nam</span> <span class='ocrx_word' id='word_1_304' title='bbox 744 3669 808 3714; x_wconf 92' lang='lat' dir='ltr'>cnm</span> <span class='ocrx_word' id='word_1_305' title='bbox 830 3647 1040 3736; x_wconf 80' lang='lat' dir='ltr'>quadringenti</span> <span class='ocrx_word' id='word_1_306' title='bbox 1065 3653 1152 3714; x_wconf 79' lang='lat' dir='ltr'>edam</span> <span class='ocrx_word' id='word_1_307' title='bbox 1178 3651 1298 3714; x_wconf 89' lang='lat' dir='ltr'>ineunte</span> <span class='ocrx_word' id='word_1_308' title='bbox 1318 3645 1409 3711; x_wconf 81' lang='lat' dir='ltr'>Theo·</span> 
     </span>
     <span class='ocr_line' id='line_1_37' title="bbox 249 3729 1409 3834; baseline -0.004 -38"><span class='ocrx_word' id='word_1_309' title='bbox 249 3729 348 3834; x_wconf 92' lang='lat' dir='ltr'>pompi</span> <span class='ocrx_word' id='word_1_310' title='bbox 373 3730 519 3820; x_wconf 90' lang='lat' dir='ltr'>praetoris</span> <span class='ocrx_word' id='word_1_311' title='bbox 548 3752 627 3796; x_wconf 89' lang='lat' dir='ltr'>anuo</span> <span class='ocrx_word' id='word_1_312' title='bbox 653 3732 846 3822; x_wconf 88' lang='lat' dir='ltr'>principatum</span> <span class='ocrx_word' id='word_1_313' title='bbox 868 3733 1051 3816; x_wconf 87' lang='lat' dir='ltr'>obtinerent,</span> <span class='ocrx_word' id='word_1_314' title='bbox 1093 3735 1144 3802; x_wconf 92' lang='lat' dir='ltr'>isti</span> <span class='ocrx_word' id='word_1_315' title='bbox 1170 3735 1351 3798; x_wconf 89' lang='lat' dir='ltr'>continuatus</span> <span class='ocrx_word' id='word_1_316' title='bbox 1370 3732 1409 3790; x_wconf 89' lang='lat' dir='ltr'>est</span> 
     </span>
     <span class='ocr_line' id='line_1_38' title="bbox 249 3815 1409 3908; baseline -0.003 -26"><span class='ocrx_word' id='word_1_317' title='bbox 249 3822 460 3905; x_wconf 78' lang='lat' dir='ltr'>magrstratos3</span> <span class='ocrx_word' id='word_1_318' title='bbox 491 3815 548 3880; x_wconf 86' lang='lat' dir='ltr'>luit</span> <span class='ocrx_word' id='word_1_319' title='bbox 578 3821 674 3882; x_wconf 90' lang='lat' dir='ltr'>autem</span> <span class='ocrx_word' id='word_1_320' title='bbox 700 3816 759 3882; x_wconf 86' lang='lat' dir='ltr'>iste</span> <span class='ocrx_word' id='word_1_321' title='bbox 779 3816 973 3882; x_wconf 84' lang='lat' dir='ltr'>Aristarchus</span> <span class='ocrx_word' id='word_1_322' title='bbox 1000 3818 1141 3886; x_wconf 81' lang='lat' dir='ltr'>defensor</span> <span class='ocrx_word' id='word_1_323' title='bbox 1167 3826 1197 3884; x_wconf 93' lang='lat' dir='ltr'>et</span> <span class='ocrx_word' id='word_1_324' title='bbox 1221 3819 1409 3908; x_wconf 82' lang='lat' dir='ltr'>propugnator</span> 
     </span>
     <span class='ocr_line' id='line_1_39' title="bbox 249 3892 1407 3993; baseline -0.001 -27"><span class='ocrx_word' id='word_1_325' title='bbox 249 3899 432 3989; x_wconf 82' lang='lat' dir='ltr'>eligarchiae</span> <span class='ocrx_word' id='word_1_326' title='bbox 463 3901 622 3968; x_wconf 87' lang='lat' dir='ltr'>acerrimus</span> <span class='ocrx_word' id='word_1_327' title='bbox 650 3908 681 3968; x_wconf 89' lang='lat' dir='ltr'>et</span> <span class='ocrx_word' id='word_1_328' title='bbox 710 3902 747 3966; x_wconf 91' lang='lat' dir='ltr'>ob</span> <span class='ocrx_word' id='word_1_329' title='bbox 773 3901 804 3966; x_wconf 96' lang='lat' dir='ltr'>id</span> <span class='ocrx_word' id='word_1_330' title='bbox 830 3901 925 3992; x_wconf 89' lang='lat' dir='ltr'>ipsum</span> <span class='ocrx_word' id='word_1_331' title='bbox 952 3903 1060 3993; x_wconf 91' lang='lat' dir='ltr'>populo</span> <span class='ocrx_word' id='word_1_332' title='bbox 1088 3904 1161 3968; x_wconf 87' lang='lat' dir='ltr'>satis</span> <span class='ocrx_word' id='word_1_333' title='bbox 1188 3905 1318 3984; x_wconf 87' lang='lat' dir='ltr'>invisus,</span> <span class='ocrx_word' id='word_1_334' title='bbox 1357 3892 1407 3958; x_wconf 74' lang='lat' dir='ltr'>vid</span> 
     </span>
     <span class='ocr_line' id='line_1_40' title="bbox 249 3977 1407 4095; baseline -0.005 -43"><span class='ocrx_word' id='word_1_335' title='bbox 249 3983 339 4052; x_wconf 86' lang='lat' dir='ltr'>Thuc</span> <span class='ocrx_word' id='word_1_336' title='bbox 362 3985 421 4052; x_wconf 86' lang='lat' dir='ltr'>did.</span> <span class='ocrx_word' id='word_1_337' title='bbox 441 3983 527 4056; x_wconf 86' lang='lat' dir='ltr'>Vlll·</span> <span class='ocrx_word' id='word_1_338' title='bbox 548 3988 604 4054; x_wconf 75' lang='lat'>92:</span> <span class='ocrx_word' id='word_1_339' title='bbox 642 3983 682 4054; x_wconf 85' lang='lat'>‘0</span> <span class='ocrx_word' id='word_1_340' title='bbox 700 3987 736 4052; x_wconf 78' lang='lat' dir='ltr'>dd</span> <span class='ocrx_word' id='word_1_341' title='bbox 754 3984 949 4095; x_wconf 72' lang='grc' dir='ltr'><strong><em>Ἀρίσταρχος</em></strong></span> <span class='ocrx_word' id='word_1_342' title='bbox 970 3989 1022 4052; x_wconf 85' lang='lat' dir='ltr'>roal</span> <span class='ocrx_word' id='word_1_343' title='bbox 1044 3988 1074 4052; x_wconf 86' lang='lat' dir='ltr'>ol</span> <span class='ocrx_word' id='word_1_344' title='bbox 1094 3989 1223 4054; x_wconf 73' lang='grc' dir='ltr'><strong><em>ἐναντίοι</em></strong></span> <span class='ocrx_word' id='word_1_345' title='bbox 1243 3989 1287 4074; x_wconf 78' lang='grc' dir='ltr'>τῷ</span> <span class='ocrx_word' id='word_1_346' title='bbox 1308 3977 1407 4062; x_wconf 69' lang='grc' dir='ltr'>πλήθει</span> 
     </span>
     <span class='ocr_line' id='line_1_41' title="bbox 250 4069 1404 4158; baseline -0.011 -20"><span class='ocrx_word' id='word_1_347' title='bbox 250 4071 324 4153; x_wconf 74' lang='grc' dir='ltr'>ἔχαλ</span> <span class='ocrx_word' id='word_1_348' title='bbox 340 4095 457 4136; x_wconf 73' lang='lat' dir='ltr'>noceor·</span> <span class='ocrx_word' id='word_1_349' title='bbox 485 4079 515 4136; x_wconf 89' lang='lat' dir='ltr'>et</span> <span class='ocrx_word' id='word_1_350' title='bbox 534 4071 605 4138; x_wconf 86' lang='lat' dir='ltr'>ibid.</span> <span class='ocrx_word' id='word_1_351' title='bbox 627 4093 653 4138; x_wconf 86' lang='lat' dir='ltr'>c.</span> <span class='ocrx_word' id='word_1_352' title='bbox 673 4071 733 4138; x_wconf 80' lang='lat'>9⁰:</span> <span class='ocrx_word' id='word_1_353' title='bbox 758 4073 798 4136; x_wconf 90' lang='grc' dir='ltr'><strong><em>οι</em></strong></span> <span class='ocrx_word' id='word_1_354' title='bbox 821 4072 854 4135; x_wconf 77' lang='grc' dir='ltr'>δὲ</span> <span class='ocrx_word' id='word_1_355' title='bbox 873 4075 1158 4158; x_wconf 76' lang='grc' dir='ltr'><strong><em>τῶν-τετρακοσίων</em></strong></span> <span class='ocrx_word' id='word_1_356' title='bbox 1178 4072 1312 4156; x_wconf 78' lang='grc' dir='ltr'><strong><em>μάλιστα</em></strong></span> <span class='ocrx_word' id='word_1_357' title='bbox 1332 4069 1404 4130; x_wconf 75' lang='grc' dir='ltr'><strong><em>ἐνοι-</em></strong></span> 
     </span>
     <span class='ocr_line' id='line_1_42' title="bbox 249 4145 1405 4243; baseline 0.001 -24"><span class='ocrx_word' id='word_1_358' title='bbox 249 4159 308 4225; x_wconf 82' lang='grc' dir='ltr'>τλοι</span> <span class='ocrx_word' id='word_1_359' title='bbox 336 4153 419 4230; x_wconf 68' lang='grc' dir='ltr'><strong><em>ὄντες</em></strong></span> <span class='ocrx_word' id='word_1_360' title='bbox 438 4158 483 4243; x_wconf 74' lang='grc' dir='ltr'>τῷ</span> <span class='ocrx_word' id='word_1_361' title='bbox 504 4154 634 4242; x_wconf 72' lang='grc' dir='ltr'><strong><em>τοιούτῳ</em></strong></span> <span class='ocrx_word' id='word_1_362' title='bbox 656 4156 727 4222; x_wconf 72' lang='grc' dir='ltr'><strong><em>εἴδει</em></strong></span> <span class='ocrx_word' id='word_1_363' title='bbox 753 4159 805 4220; x_wconf 78' lang='lat' dir='ltr'>nod</span> <span class='ocrx_word' id='word_1_364' title='bbox 826 4163 1029 4241; x_wconf 80' lang='grc' dir='ltr'><strong><em>προεστῶτες,</em></strong></span> <span class='ocrx_word' id='word_1_365' title='bbox 1059 4153 1213 4242; x_wconf 70' lang='grc' dir='ltr'><strong><em>Φρύνιχός</em></strong></span> <span class='ocrx_word' id='word_1_366' title='bbox 1232 4181 1279 4234; x_wconf 81' lang='grc' dir='ltr'>τε,</span> <span class='ocrx_word' id='word_1_367' title='bbox 1307 4149 1339 4228; x_wconf 73' lang='lat' dir='ltr'>dc</span> <span class='ocrx_word' id='word_1_368' title='bbox 1361 4145 1405 4210; x_wconf 59' lang='grc' dir='ltr'>κθ)</span> 
     </span>
     <span class='ocr_line' id='line_1_43' title="bbox 250 4229 1405 4329; baseline -0.01 -20"><span class='ocrx_word' id='word_1_369' title='bbox 250 4237 465 4325; x_wconf 80' lang='grc' dir='ltr'><strong><em>στρατηγήσας</em></strong></span> <span class='ocrx_word' id='word_1_370' title='bbox 486 4239 518 4306; x_wconf 73' lang='grc' dir='ltr'>ἓν</span> <span class='ocrx_word' id='word_1_371' title='bbox 537 4245 576 4326; x_wconf 82' lang='grc' dir='ltr'>τῇ</span> <span class='ocrx_word' id='word_1_372' title='bbox 597 4237 696 4329; x_wconf 79' lang='grc' dir='ltr'><strong><em>Σάμη)</em></strong></span> <span class='ocrx_word' id='word_1_373' title='bbox 717 4247 761 4328; x_wconf 75' lang='grc' dir='ltr'>τῷ</span> <span class='ocrx_word' id='word_1_374' title='bbox 780 4238 959 4328; x_wconf 74' lang='grc' dir='ltr'><strong><em>Ἀλκιβιάδη</em></strong></span> <span class='ocrx_word' id='word_1_375' title='bbox 986 4237 1053 4306; x_wconf 83' lang='grc' dir='ltr'><strong><em>τότε</em></strong></span> <span class='ocrx_word' id='word_1_376' title='bbox 1075 4244 1105 4305; x_wconf 79' lang='lat' dir='ltr'>do</span> <span class='ocrx_word' id='word_1_377' title='bbox 1128 4243 1238 4326; x_wconf 75' lang='grc' dir='ltr'><strong><em>ιέχθη,</em></strong></span> <span class='ocrx_word' id='word_1_378' title='bbox 1270 4239 1319 4304; x_wconf 83' lang='lat' dir='ltr'>roal</span> <span class='ocrx_word' id='word_1_379' title='bbox 1333 4229 1405 4313; x_wconf 69' lang='grc' dir='ltr'>Ἀρί-</span> 
     </span>
     <span class='ocr_line' id='line_1_44' title="bbox 250 4267 1403 4498; baseline -0.016 -21"><span class='ocrx_word' id='word_1_380' title='bbox 250 4267 1247 4498; x_wconf 56' lang='lat' dir='ltr'>euroeaeoeooeoe.recodere</span> <span class='ocrx_word' id='word_1_381' title='bbox 1265 4314 1403 4492; x_wconf 71' lang='lat' dir='ltr'>doh</span> 
     </span>
     <span class='ocr_line' id='line_1_45' title="bbox 1234 4457 1244 4488; baseline 0 0"><span class='ocrx_word' id='word_1_382' title='bbox 1234 4457 1244 4488; x_wconf 67' lang='lat'><em>5</em></span> 
     </span>
    </p>
   </div>
   <div class='ocr_carea' id='block_1_3' title="bbox 0 0 1506 5048">
    <p class='ocr_par' dir='ltr' id='par_1_3' title="bbox 0 0 1506 5048">
     <span class='ocr_line' id='line_1_46' title="bbox 0 0 1506 5048; baseline 0 1"><span class='ocrx_word' id='word_1_383' title='bbox 0 0 1506 5048; x_wconf 95' lang='lat' dir='ltr'> </span> 
     </span>
    </p>
   </div>
  </div>
 </body>
</html>
