3000 5048
256 317 321 388 tat
651 313 1054 386 COMMENTATIONES

256 489 358 574 ltaque
384 486 433 552 hio
459 485 541 553 locus
570 485 643 554 satis
670 487 754 552 illum
774 504 892 552 versum
919 486 957 552 ab
978 485 1059 551 omui
1079 484 1256 550 dubitatione
1275 485 1398 571 defendit,

177 600 183 614 ¹
255 595 351 659 neque
372 573 557 638 scribendum
577 575 747 649 1οείλθιιίς,
798 571 952 636 raesertim
974 593 1038 635 cum
1059 571 1244 658 ignoremus,
1269 591 1320 656 quo
1339 578 1399 638 ten·

227 687 228 692 *
255 677 327 747 pore
347 657 472 722 Naidem
493 657 635 722 amaverit
654 593 846 738 Philonides,
874 655 949 741 quod
972 661 1022 720 aut
1042 655 1131 721 multo
1152 661 1236 736 aute,
1261 656 1399 723 autetiam

254 749 323 831 post
343 742 485 807 reddisse
505 747 611 830 potest.
653 739 716 806 Sed
737 763 801 806 eum
821 739 898 806 Lais
927 739 981 804 illa
1001 740 1184 806 nohihssima
1203 739 1337 804 meretrix
1350 741 1399 805 ian

255 827 366 914 aliquot
391 845 485 894 anuos
511 827 602 892 fuerit
628 832 758 908 mortua,
791 825 828 890 de
857 825 913 890 hac
943 825 1058 910 quidem
1079 825 1291 913 Aristophanes
1316 826 1400 908 nequit

255 917 417 1000 cogitasse:
444 913 541 996 itaque
561 912 636 976 haec
662 911 761 976 omnia
785 909 885 974 refero
912 909 1097 990 adheidem
1125 910 1283 990 iuniorem,
1308 907 1399 974 Coriu-

254 999 356 1079 thiam,
377 997 459 1062 cuius
480 995 690 1061 cousuetudine
711 1017 782 1060 usus
804 995 843 1059 sit
863 994 1048 1059 Philonides.
1077 993 1153 1060 llius
1174 1000 1295 1060 aetatem
1314 999 1398 1058 autem

169 1151 171 1154 ,
253 1082 287 1146 in
313 1083 369 1146 hoc
396 1089 508 1170 empus
534 1081 666 1146 incidere
693 1087 921 1144 consentaneum
948 1085 1010 1159 est,
1041 1099 1105 1144 cnm
1133 1085 1227 1144 mater
1252 1078 1312 1142 eius
1336 1077 1400 1166 apud

253 1165 438 1232 Alcibiadem
464 1167 504 1230 sit
529 1172 664 1246 versata,
695 1164 755 1230 vid.
781 1164 954 1228 Athenaeus
985 1163 1054 1228 XII.
1081 1185 1110 1271 ρ.
1131 1165 1196 1230 535
1222 1161 1265 1244 C,
1304 1162 1347 1247 qui
1370 1163 1400 1226 de

253 1249 409 1316 Alcibiade
431 1251 513 1314 dicit:
556 1253 742 1335 Στρατηγῶν
763 1249 796 1312 δὲ
817 1243 1034 1333 συμπεριήγετο
1057 1253 1141 1334 αυτῷ
1170 1245 1224 1330 τήν
1244 1270 1275 1310 τε
1293 1247 1400 1322 Λαίδος

253 1340 308 1417 τῆς
328 1336 501 1419 Κορινθίας
521 1335 640 1418 μητέρα
657 1331 838 1416 Τιμάνδραν
858 1334 908 1396 καλ
933 1329 1089 1416 Θεοδότην
1109 1333 1166 1416 τὴν
1181 1329 1314 1414 Ἀττικὴν
1333 1329 1400 1396 ἑταί-

254 1445 320 1528 ραν.
343 1427 373 1484 et
392 1441 495 1483 rursus
516 1418 601 1482 Xlll.
622 1441 651 1506 p.
665 1417 781 1484 57AE:
807 1419 870 1482 Kal
892 1415 996 1500 ἓτίρας
1017 1417 1051 1481 δὲ
1072 1414 1129 1482 δύο
1151 1415 1273 1500 ἑταίρας
1293 1412 1399 1499 ἐπήγετο

253 1507 299 1568 αεὶ
322 1499 560 1586 ὅἎλιαβιόδης,
582 1500 817 1589 Δαμασάνδραν
837 1507 893 1585 τῆς
911 1503 1037 1578 Λαίδος
1058 1508 1113 1584 τῆς
1133 1501 1281 1586 νεωτίρας
1299 1500 1399 1584 μητίρα

252 1589 302 1652 καί
327 1585 491 1670 Θεοδότην.
533 1586 634 1652 Mater
654 1595 766 1669 autem,
793 1609 858 1652 cum
884 1587 1002 1676 proprio
1030 1588 1150 1652 nomine
1173 1585 1332 1654 Timandra
1349 1592 1399 1648 ute-

252 1679 345 1754 retur,
368 1680 482 1762 postea,
504 1673 639 1758 quoniam
659 1673 766 1738 multos
786 1672 889 1738 hahuit
910 1678 1066 1754 amatores,
1078 1671 1286 1738 Damasandra
1305 1669 1400 1734 videtur

251 1758 398 1846 appellate
417 1779 494 1823 esse.
537 1757 704 1844 Hyccariea
731 1765 826 1822 autem
847 1756 924 1822 Lais
953 1779 1017 1820 oum
1045 1758 1204 1822 maximam
1235 1762 1311 1821 esset
1328 1761 1398 1818 nach

251 1844 378 1908 nominis
399 1843 608 1923 celebritatem,
628 1843 752 1906 iunioris
767 1843 876 1909 famam
897 1841 939 1905 ita
959 1841 1148 1923 oblitteravit,
1170 1849 1203 1906 ut
1215 1837 1398 1930 propemodum

249 1949 372 2076 frorsus
399 1927 594 1992 delitesceret.
636 1925 748 1994 Verum
769 1927 806 1991 de
835 1932 957 2012 utraque
977 1925 1077 1990 Laide
1104 1927 1201 1992 dicam
1227 1924 1398 1991 commodiore

262 2033 324 2078 oco.
367 2013 465 2078 Huius
486 2011 591 2100 ,igitur
622 2011 747 2076 iunioris
773 2010 881 2076 Laidis
914 2010 1124 2077 consuetudine
1151 2033 1218 2078 eum
1246 2007 1398 2076 Philonides

250 2314 346 2368 Circen
361 2315 476 2382 pertinet
492 2314 564 2367 aliud
580 2315 756 2380 fragmentum
766 2315 844 2368 huius
861 2315 974 2382 fabulae,
991 2316 1062 2385 quod
1073 2315 1172 2382 legitur
1182 2317 1251 2386 apud
1257 2315 1398 2368 Athenaeum

248 2383 297 2434 lx.
315 2400 342 2448 p.
359 2381 411 2434 etl
427 2383 467 2435 ll:
501 2383 559 2432 Καὶ
571 2378 714 2440 Ἀναξίλας
735 2379 762 2434 δ’
784 2383 816 2434 ἐν
831 2385 919 2452 Κίρκη
943 2383 1094 2454 ἀρσενικῶς
1114 2385 1207 2454 εἴρηκε
1230 2379 1276 2437 τόν
1292 2382 1398 2450 δέλφακα

248 2449 296 2499 καὶ
313 2449 361 2502 ἐπὶ
378 2449 426 2500 τοῦ
442 2449 546 2500 τελείου
564 2451 668 2502 τέθεικε
686 2441 809 2520 τοῦνομα
826 2447 929 2502 εἰπόν·

353 2526 424 2614 Tude
440 2529 494 2602 μὲν
511 2525 690 2618 όρειονόμουη
705 2526 910 2618 ύμιδνμοιησει
921 2533 1062 2620 δέλφακας
1077 2528 1218 2604 dispiciens,

351 2602 423 2658 Τους
440 2598 471 2652 δὲ
489 2605 650 2671 πανθηρας,
667 2602 766 2660 αλλους
783 2615 928 2674 αγρωστας
943 2603 1050 2668 λύκους,

344 2661 458 2726 Ἄλλους
474 2669 596 2728 λέοντας.
887 2691 889 2700 ·

246 2752 287 2806 Ita
303 2753 376 2806 enim
397 2752 462 2806 haec
478 2753 661 2806 constituenda
677 2758 748 2806 sunt.
782 2756 813 2806 In
834 2753 905 2808 hune
953 2771 1029 2821 egem
1049 2755 1162 2808 fortasse
1185 2754 1264 2808 etiarn
1279 2755 1398 2807 Platonem
1458 2799 1459 2806 ,

245 2821 352 2887 retulit,
369 2821 420 2874 vid.
438 2819 517 2888 Diog.
535 2821 625 2875 Laert.
642 2823 689 2874 111.
701 2821 748 2874 28:
768 2818 900 2882 Χλιυύζει
917 2771 953 2873 d:¹
965 2817 1050 2874 αὐτόν
1066 2817 1232 2890 (Πλάτωνα)
1249 2823 1294 2874 καλ
1305 2817 1398 2878 Ἀναξ-

245 2887 299 2939 λαν
316 2887 347 2940 ἐν
364 2888 534 2954 Βοτρυλίωνι
556 2889 604 2940 καὶ
619 2891 707 2958 Κίρκη
728 2887 776 2939 καλ
791 2889 952 2948 Πλουσίαις.
986 2889 1022 2943 Et
1038 2895 1141 2959 poterat
1164 2907 1229 2944 sane
1245 2891 1293 2943 hoc
1308 2888 1398 2941 nomine

244 2960 338 3008 notam
354 2957 506 3022 Platonem,
524 2972 602 3036 quem
618 2956 787 3010 Antisthenes
805 2959 839 3010 ob
856 2958 884 3038 id
900 2959 987 3042 ipsum
1002 2959 1121 3024 vexavit,
1144 2959 1205 3040 vids!
1215 2958 1356 3040 Athenaeus
1370 2954 1397 3006 V.
1458 2975 1459 2988 ν

244 3023 656 3172 {tamitsltuf‘ssiflillll‘
679 3023 1399 3163 tt,ttttt“tttttttt⁰³ttt‘t,d“ttttat“tt

245 3161 338 3208 αυτοῦ.
373 3157 406 3211 cf.
424 3159 503 3224 Diog.
522 3159 611 3212 Laert.
630 3161 675 3213 ΙΙΙ,
693 3159 735 3212 35.
770 3159 806 3212 Et
832 3161 889 3228 ipse
911 3162 989 3213 Plato
1015 3161 1211 3214 Archeanassae
1236 3157 1397 3228 Colophoniae

244 3223 388 3278 meretricis
406 3241 495 3278 amore
519 3243 547 3278 se
570 3237 675 3295 captum
698 3243 757 3279 esse
779 3229 937 3281 carminibus
962 3229 1096 3298 professus
1114 3235 1168 3295 est,
1196 3230 1248 3282 vid.
1265 3229 1396 3282 Athenaeus

243 3294 316 3346 Xlil.
333 3311 360 3362 p.
374 3292 430 3372 ,509
446 3295 478 3350 G.
496 3295 575 3360 Diog.
592 3295 682 3350 Laert.
699 3297 744 3349 Ill.
763 3295 813 3358 st,
834 3297 970 3365 obiterque
986 3297 1067 3350 etiam
1083 3297 1272 3367 Aristophanes
1293 3291 1396 3348 Pletonit

243 3361 346 3416 nonsit
362 3362 485 3416 hbidines
506 3363 536 3416 in
552 3363 743 3419 Eecleciazusis
760 3379 785 3417 v.
803 3362 867 3416 994:
1329 3421 1331 3428 ,

343 3447 404 3496 NE.
417 3441 491 3500 Ἀλλ’
513 3433 626 3518 dats,
650 3442 765 3517 ὀρρωδῶ
781 3441 829 3498 τόν
851 3440 969 3518 ἐραστήν
986 3460 1047 3500 σου.
1083 3451 1135 3501 ΓΡ.
1157 3451 1228 3500 Τίνα
1234 3469 1245 3512 ,-

342 3515 404 3564 NE.
426 3509 483 3565 Τὸν
500 3514 555 3565 τῶν
571 3519 706 3584 γραφέων
722 3507 845 3586 ι’ίριστον.
881 3517 933 3564 ΓΡ.
954 3501 1040 3574 Οὗτος
1057 3511 1084 3568 δ’
1098 3514 1155 3568 ἔστι
1172 3519 1212 3576 τίς
1217 3537 1228 3581 ,·

343 3583 404 3633 ΝΕ.
414 3573 463 3638 Ὃς
481 3585 536 3640 τοῖς
553 3587 676 3652 νεκροῖσι
693 3584 836 3668 ζωγραφεῖ
850 3576 896 3640 τὰς
912 3576 1063 3646 ληκύθους·

339 3643 412 3700 Ἀλλ’
434 3641 529 3714 ἄπιθ’,
554 3645 629 3708 ὅπως
649 3643 689 3720 μή
707 3663 725 3700 o
756 3649 803 3701 inl
819 3642 950 3722 θύραισιν
968 3642 1076 3718 ὄψεται.

243 3731 289 3783 sed
311 3730 353 3784 hic
370 3733 508 3785 Platonem
531 3733 657 3800 intelligi,
681 3735 780 3804 pariter
802 3740 882 3802 atque
902 3751 983 3803 supra
1005 3753 1031 3790 v.
1049 3735 1101 3790 ott
1123 3741 1151 3790 et
1172 3735 1201 3788 iu
1218 3735 1295 3787 Pluto
1317 3747 1340 3784 v.
1355 3723 1397 3780 tlt

243 3800 307 3855 alias
337 3801 481 3860 emendam.
522 3803 585 3854 Non
609 3801 761 3854 dissimilem
790 3819 899 3870 prorsus
928 3803 1070 3868 imaginem
1092 3803 1217 3856 Anaxiles
1247 3801 1275 3854 ia
1298 3797 1397 3864 esopo

239 3865 392 3950 eddhuisse
408 3868 520 3933 ridetur,
538 3885 651 3986 αοσιηοο
667 3871 731 3922 diod
748 3870 819 3940 quod
835 3870 932 3938 legitur
952 3871 1023 3939 apud
1038 3872 1202 3926 Athenaeum
1219 3869 1264 3924 111.
1282 3885 1307 3938 p·
1321 3864 1352 3918 lib
1367 3861 1397 3914 0³

241 3935 381 3994 Αναξίλας
398 3965 431 3974 -
449 3937 497 3986 καὶ
513 3935 545 3988 ἐν
557 3939 606 3986 'Ka
625 3939 712 4004 υψοῐ·

342 4011 460 4086 Ῥύγχος
476 4021 574 4092 φορῶν
596 4013 673 4072 ὕειον
689 4013 819 4090 ᾐσθόμην
836 4014 905 4074 τότε.

233 4100 328 4154 'refero
345 4102 378 4153 ad
397 4103 547 4170 Cinesiam,
565 4105 611 4172 qui
627 4107 697 4173 apud
714 4097 905 4174 Calypsonem,
929 4107 991 4174 qnid
1008 4106 1065 4174 ipse
1082 4123 1098 4159 a
1117 4105 1193 4162 Circe
1210 4115 1344 4174 perpessus
1359 4095 1394 4158 sit

241 4169 365 4240 exponit:
399 4170 521 4240 idemque
548 4189 581 4224 ex
603 4173 733 4241 periculo,
757 4175 826 4242 qood
845 4174 906 4226 olim
924 4175 1019 4239 subiit,
1047 4173 1153 4228 cantion
1164 4169 1262 4239 factm,
1283 4185 1334 4222 uon
1349 4164 1395 4218 vult

240 4239 364 4358 georgium
381 4239 525 4321 attingere,
541 4239 631 4308 itaque
649 4241 763 4309 Calypso
779 4241 844 4314 dicit
861 4241 1026 4308 (Athenaeus
1043 4244 1089 4296 lV.
1106 4261 1134 4312 p.
1152 4241 1203 4296 172
1218 4241 1255 4296 A:
1269 4231 1395 4296 maedus

309 4319 326 4358 ν
342 4305 476 4371 Kanna
492 4307 609 4375 φησιν)·

331 4380 615 4462 .·Παραγιύνεεαί’σοι
630 4389 740 4464 πρῶτον
755 4385 773 4458 ’l
790 4364 941 4466 yoods'sori
957 4391 1052 4444 ποτοῦ.
1073 4439 1094 4450 ,,
1153 4437 1155 4442 ,
