3096 5062
349 302 409 368 on
430 299 574 379 numo.
595 297 784 373 couoso.
803 299 912 370 arn
930 300 1075 378 armo.
1230 303 1304 382 υιο
1433 337 1436 344 -

548 665 742 738 CAPUT
784 667 870 739 VIII.

212 891 281 960 Una
301 913 341 956 ex
361 889 554 956 nobilissimis
576 896 606 954 et
631 889 893 978 praestantissimis
914 888 1032 956 Cratini
1053 891 1211 958 comoediis
1232 891 1299 960 fue·

126 985 198 1043 runt
221 979 396 1052 θδίνοιιιι,
426 977 507 1040 cuius
529 974 648 1040 fabulae
669 987 873 1062 argumentum
896 976 1044 1040 commode
1066 998 1106 1040 ex
1125 979 1191 1066 ipso
1213 973 1296 1043 titulo

127 1071 159 1128 et
178 1063 313 1148 reliquiis
334 1061 480 1149 indagare
501 1059 580 1125 licet.
621 1057 737 1124 Chiron
758 1061 835 1124 enim
858 1060 947 1124 heros
969 1061 1096 1126 omnium
1118 1063 1297 1130 iustissimus

12 1163 13 1196 ³
127 1159 159 1214 ot
185 1147 421 1237 sapientissimus
447 1144 595 1210 Achillem
626 1165 749 1232 puerum
779 1145 956 1210 educaverat
986 1145 1224 1232 institueratque,
1267 1157 1299 1213 ut
1405 1191 1409 1200 .

128 1240 211 1298 esset
232 1232 425 1297 clarissimum
436 1229 553 1294 virtutis
576 1229 743 1329 exemplar:
765 1229 834 1294 hinc
856 1231 950 1294 omnis
963 1231 1120 1315 antiquitas
1135 1231 1297 1298 Chironem

133 1325 273 1404 tanquam
310 1315 568 1405 locupletissimum
604 1314 767 1402 sapientiae
800 1321 947 1380 auctorem
984 1315 1098 1382 solebat
1128 1318 1298 1405 perhibere:

129 1401 202 1468 hinc
227 1401 367 1490 plurimas
396 1407 474 1464 artes
502 1407 588 1484 atque
608 1398 742 1464 instituta
763 1397 799 1464 ad
821 1400 900 1464 vitae
926 1419 1011 1464 usum
1033 1401 1183 1468 commoda
1204 1404 1241 1468 ah
1264 1424 1300 1468 eo
1381 1477 1384 1486 p

12 1567 13 1570 Ἴ
123 1487 264 1595 prolecta
299 1507 367 1550 esse
399 1485 555 1549 ferebant:
598 1483 637 1550 cf.
665 1481 805 1550 Clemens
832 1483 997 1550 Alexandr.
1025 1483 1165 1552 Stromat.
1195 1487 1220 1554 l.
1243 1489 1298 1554 15:

135 1566 340 1654 ΟΒηρδτιος
354 1565 532 1648 Ἕρμιππος
553 1569 697 1650 Χείρωνα
718 1567 775 1632 τδν
801 1569 974 1652 Κένταυρον
1001 1569 1100 1654 σοφὸν
1120 1575 1218 1650 καλεῖ,
1244 1569 1296 1659 ἐφ’

129 1645 170 1722 οὗ
189 1658 240 1720 καί
263 1651 279 1717 ὅ
301 1653 356 1738 τὴν
379 1655 610 1735 Τιτανομαχίαν
630 1651 756 1736 γράψας
777 1657 873 1738 φησίν
894 1651 935 1730 ὡς
957 1661 1078 1736 πρῶτος
1099 1645 1203 1734 οὗτος·

215 1741 271 1814 Εἰς
293 1740 326 1804 δὲ
347 1735 543 1821 δικαιοσύνην
565 1741 688 1822 θνητῶν
708 1739 793 1821 γένος
814 1735 922 1822 ἤγαγε,
945 1741 1047 1816 δείξας

208 1821 323 1906 Ὅρκον
342 1828 393 1888 καὶ
415 1827 529 1898 θυσίας
549 1821 659 1906 ἱλαρὰς
681 1825 731 1886 καί
753 1819 888 1904 σχήματ’
909 1819 1080 1904 Ὀλύμπου.

126 1905 225 1976 ‘leuel
247 1907 280 1972 δὲ
301 1904 475 1991 ἦθυμίτηρ
497 1908 594 1972 αὐτοῦ
607 1906 817 1990 συνοικήσασα
838 1913 882 1995 τῷ
893 1905 1003 1997 Αἰόλῳ
1024 1905 1185 1989 ἐδιδάξατο
1208 1905 1303 1978 adata

131 1993 188 2079 τὴν
209 1991 343 2076 φυσικὴν
363 1997 512 2072 θεωρίαν·
1131 2011 1141 2032 ·

210 2081 256 2144 Ἢ
276 2083 384 2160 πρῶτα
404 2079 460 2158 μὲν
481 2076 521 2142 τδι
542 2081 614 2142 θεῖα
636 2069 909 2159 προῦμαντεδσατο

218 2167 397 2246 Χρησμοῖσι
419 2161 564 2246 σαφέσιν,
587 2160 724 2244 ἀστέρων
746 2161 789 2226 ἐπ’
815 2161 968 2240 δντολαῖς.
1288 2235 1291 2245 Ι

132 2249 216 2316 llinc
236 2250 325 2314 etiam
345 2249 377 2313 in
399 2249 528 2312 earmIne
549 2245 601 2312 illo
617 2247 694 2312 haud
706 2248 938 2314 contemnendae
951 2247 1114 2331 vetustatis,
1136 2249 1183 2316 oui
1196 2269 1303 2316 nomen

134 2342 201 2400 erat
220 2336 377 2416 Χείρωνος
396 2329 566 2415 δποθῆκαι,
589 2332 676 2418 quod,
698 2354 761 2397 cum
786 2331 917 2398 Hesiodo
939 2333 1030 2420 vulgo
1052 2343 1133 2402 esset
1154 2337 1304 2422 tributum,

134 2421 180 2486 illi
214 2419 391 2484 abiudicavit
421 2417 636 2506 Aristophanes
669 2417 832 2504 Byzantius
865 2417 938 2501 (vid.
965 2419 1104 2496 Quinctil.
1133 2417 1307 2505 1.1,15u

135 2503 251 2574 Chiron
272 2503 385 2568 Achilli
406 2503 559 2568 decedenti
580 2503 671 2568 multa
698 2505 849 2591 sapienter
871 2511 900 2568 et
920 2505 993 2570 scite
1014 2506 1197 2594 praecipiens
1219 2505 1305 2572 indu·

136 2590 272 2670 cehatur,
299 2589 381 2654 cuius
409 2588 548 2652 carminis
574 2588 689 2652 initium
716 2588 848 2652 servarit
868 2585 1037 2656 Scholiasta
1061 2591 1188 2656 Pindari
1213 2586 1240 2654 P
1265 2589 1306 2656 th.

136 2673 191 2783 YI.
209 2674 267 2782 III:
306 2673 372 2748 Τὰς
394 2672 428 2736 dl
448 2674 604 2758 Χείρωνος
629 2668 795 2754 ὑποθήκας
810 2667 947 2760 Ἡσιόδῳ
973 2673 1189 2756 ἀνατιθέασιν,
1215 2701 1259 2740 ων
1286 2671 1306 2757 ἦ

137 2784 270 2906 “Olim
292 2845 346 2904 νῦν
365 2863 419 2921 μοι
441 2835 511 2903 τάδ’
537 2840 651 2904 έκαστα
671 2837 748 2918 μετὰ
769 2839 858 2924 φρεσί
887 2805 1106 2926 πευκαλίμῃσιν

226 2923 421 3010 Φράζεσθαι·
444 2931 566 3009 πρῶτον
585 2923 656 3006 μέν,
685 2920 731 2988 ὅτ’
756 2926 797 2999 εἰς
818 2920 915 3005 δυ’μον
936 2927 1122 3012 εἰσαφίκηαι,

217 3010 338 3098 ’Έρδειν
359 3007 425 3094 ἓερδι
447 3009 526 3073 καλὰ
547 3014 632 3083 θεοῖς
654 3005 859 3094 δειγενέτῃσιν.

140 3093 535 3177 coemendarum,
557 3097 588 3161 5.
620 3093 660 3158 Et
681 3095 781 3159 nescio
804 3117 842 3159 on
868 3095 1011 3162 nonnulla
1036 3103 1193 3186 praecepta
1235 3117 1309 3184 quae

140 3183 269 3254 Hesiodi
289 3181 408 3246 nomine
431 3180 520 3268 vulgo
543 3181 688 3262 feruntur,
709 3201 749 3244 ex
769 3180 825 3246 hoc
847 3181 977 3246 carmine
990 3181 1051 3246 sint
1064 3181 1164 3271 petita.
1187 3146 1309 3250 Clarum

141 3276 238 3334 autem
265 3267 360 3332 fuisse
388 3266 444 3329 hoc
474 3287 590 3330 carmen
622 3273 652 3330 ot
684 3267 757 3330 satis
785 3287 840 3330 usu
872 3267 973 3332 tritum
1001 3275 1125 3357 apparet
1150 3269 1238 3336 etlam
1270 3289 1311 3336 ex

140 3353 267 3422 Pindari
288 3351 345 3416 isto
367 3349 447 3414 loco:
1067 3425 1069 3428 ¹

149 3511 152 3518 ,
228 3431 274 3502 Eri
296 3460 344 3500 τοι
366 3435 488 3516 σχέθων
511 3459 556 3498 νιν
576 3432 711 3511 ἐπιδέξια
729 3431 833 3520 χειρὸς
855 3431 957 3522 δρθδν
1076 3479 1080 3490 ·

222 3520 319 3605 ’Άγεις
340 3515 538 3628 έρημοσδναν
827 3549 828 3552 ’

232 3602 283 3672 Τιί
306 3630 365 3670 ποτ
395 3605 428 3668 ἐν
450 3599 552 3685 οδρεσι
574 3605 666 3689 φαντί
687 3608 910 3690 μεγαλοσθενεῖ

232 3685 372 3775 Φιλύρας
392 3687 458 3754 υίδν
479 3685 706 3776 ὀρφανιζομένῳ

229 3777 371 3859 Πηλεΐδα
393 3783 565 3859 παραινεῖν·
590 3770 727 3857 μάλιστα
753 3773 809 3856 μέν
831 3775 987 3860 Κρονίδαν

230 3859 401 3942 Βαρυδπαν
422 3859 573 3942 στεροπᾶν
592 3864 746 3945 κεραυνῶν
767 3858 915 3946 πρύτανιν

235 3947 322 4012 Θεῶν
342 3945 508 4034 captio-hur·
628 3949 629 3955 ’

234 4025 361 4108 Ταδτας
382 4031 416 4096 δὲ
435 4026 552 4112 μήποτε
572 4033 664 4110 τιμᾶς

149 4183 152 4190 ,
226 4106 375 4200 Ἅμιίρειν
394 4116 503 4201 γονέων
518 4115 587 4197 βίον
608 4109 813 4195 πεπρωμένον.

146 4201 223 4270 Eius
245 4202 366 4302 generis
387 4201 517 4266 carmina
536 4199 725 4289 paraenetica
746 4199 804 4264 alia
825 4221 937 4289 qnoque
967 4199 1055 4268 credo
1077 4203 1245 4288 exstitisse,
1271 4206 1314 4270 uti

147 4287 234 4370 illud,
256 4309 288 4352 un
310 4307 366 4373 quo
386 4285 586 4375 Amphiaraus
608 4306 672 4350 cum
694 4283 889 4374 Amphilocho
910 4287 972 4353 lilio
993 4285 1085 4352 multa
1103 4289 1264 4378 prudenter
1285 4297 1315 4358 et

149 4371 285 4462 graviter
304 4377 460 4461 praecepta
480 4368 719 4451 communicavit,
741 4389 780 4436 ex
801 4391 857 4458 quo
878 4371 1102 4442 carmiue'duos
1123 4396 1229 4442 uersus
1249 4395 1315 4444 scr·
