3000 5048
254 335 322 408 410
642 332 1045 408 mhMENTATIONES

254 491 675 591 nectute31imiiiteretiam
696 507 728 572 in
748 505 830 572 Pace
849 527 879 572 v.
900 505 964 572 335
991 505 1142 594 agricolao
1166 506 1209 570 ita
1235 525 1270 570 se
1290 506 1426 592 gaudere

256 595 373 694 dicunt,
398 594 474 680 quod
495 617 514 660 a
534 593 605 660 balii
633 591 844 658 calamitatibus
872 591 990 656 liberati
1016 593 1093 675 sint,
1125 613 1160 656 ac
1181 591 1208 656 si
1229 591 1344 658 senium
1371 613 1427 658 ex·

257 687 472 842 ιιιΜ’ίδλδομαι
492 761 550 847 γάρ
572 764 623 826 καί
644 761 762 846 γίγηθα
783 761 834 824 καί
853 758 994 846 πίπορδα
1014 762 1065 824 uui
1087 763 1163 843 γελῶ

341 851 476 912 Μᾶλλον
495 845 515 930 ἢ
537 847 573 912 ud
594 852 690 932 γῆρας
711 845 800 922 ίιιδδς
821 844 961 932 ἐκφυγών
980 845 1036 928 τὴν
1056 843 1183 910 ἀσπίδα.

256 957 319 1022 lam
341 958 368 1022 si
390 957 524 1044 quaeris,
551 977 607 1042 quo
629 966 758 1045 tempore
780 955 933 1038 acciderit,
959 961 991 1020 ut
1011 955 1238 1020 Atheniensium
1258 975 1309 1019 res
1330 953 1430 1044 publi·

257 1063 309 1106 cae
340 1064 378 1107 ex
405 1043 527 1132 perditis
552 1051 762 1106 revocarentur
788 1048 818 1104 et
838 1039 1079 1121 emendarentur,
1111 1040 1185 1106 illud
1210 1059 1268 1126 ego
1296 1040 1430 1104 maxime

255 1127 480 1213 intelligendum
503 1147 627 1203 censeo,
650 1147 735 1212 quum
757 1125 980 1216 quadringentis
1003 1124 1134 1214 expulsis
1157 1131 1317 1213 temperata
1338 1145 1431 1210 quae-

258 1211 324 1275 dam
345 1212 466 1276 libertas
489 1219 540 1296 est
554 1211 703 1275 restituta:
735 1219 804 1276 hunc
825 1211 903 1276 enim
924 1233 974 1276 res
994 1211 1110 1299 publica
1130 1211 1256 1274 motibus
1278 1211 1430 1274 continuis

258 1296 556 1384 atquegrorissimis
585 1317 727 1362 concussa
749 1295 924 1380 aliquamdiu
945 1297 1105 1382 requievit,
1133 1295 1209 1382 quod
1230 1293 1430 1381 Thucydides

278 1401 370 1466 noque
392 1381 474 1450 Vlll.
496 1381 538 1444 97
565 1379 687 1444 indicat:
728 1379 895 1464 Ἐγίγνοντο
917 1380 1021 1444 δὲκαὶ
1048 1379 1139 1444 ἀλλαι
1166 1377 1294 1463 ὕστερον
1314 1383 1430 1444 πυκναὶ

258 1400 427 1547 ίκκλησίαι,
470 1463 528 1550 ἀφ’
553 1455 596 1528 ῶν
621 1468 672 1529 καί
699 1465 872 1546 νομοθίτας
898 1467 949 1528 καί
975 1463 1072 1528 τάλλα
1099 1465 1293 1550 ἐψηφίσαντο
1322 1465 1354 1539 ἐς
1374 1463 1432 1547 τὴν

257 1552 431 1627 πολιτείαν,
473 1551 523 1612 καλ
553 1549 610 1632 οὐχ
636 1547 746 1660 ἥκιστα
774 1550 812 1654 dq
843 1547 897 1613 τὸν
927 1555 1048 1636 πρῶτον
1074 1548 1186 1636 χρόνον
1216 1549 1268 1614 ἐπί
1291 1571 1324 1634 γε
1352 1550 1430 1629 ἐμοῦ

251 1632 413 1716 Ἀθηναῖοι
441 1636 601 1722 φαίνονται
630 1659 663 1698 ευ
691 1637 938 1710 πολιτευσαντες·
966 1635 1075 1720 μετρία
1104 1634 1163 1720 γὰρ
1195 1631 1268 1718 ἥτε
1297 1635 1328 1709 ἐς
1357 1633 1431 1710 τούς

258 1717 377 1802 ὀλίγους
399 1721 448 1782 καλ
469 1716 543 1795 τοδς
569 1719 704 1796 πολλοὺς
731 1715 894 1804 ξάγκρασις
920 1717 1033 1803 ἐγίνετο
1059 1722 1109 1784 καί
1139 1721 1173 1784 ἐκ
1199 1723 1342 1804 πονηρῶν
1368 1725 1431 1784 τῶν

257 1800 444 1888 πραγμάτων
464 1804 630 1888 γενομίνων
650 1809 742 1868 τοῦτο
765 1809 886 1888 πρῶτον
907 1801 1049 1888 ἀπήνεγκε
1070 1804 1127 1889 τὴν
1147 1801 1245 1870 πάλιν.
1287 1801 1351 1868 Sub
1373 1803 1430 1869 hoo

256 1890 350 1980 igitur
370 1899 427 1954 tem
449 1909 500 1971 us,
533 1911 596 1954 oum
619 1887 819 1954 Athenienses
850 1910 931 1978 spem
952 1887 1083 1954 melioris
1105 1887 1281 1956 conditionis
1307 1910 1431 1978 recupe-

257 1976 407 2038 ravissent
422 1911 625 2060 desiderioque
638 1975 716 2038 vitae
728 1982 791 2038 tran
813 1973 902 2038 uillae
924 1979 953 2038 et
963 1973 1059 2038 felicis
1073 1975 1187 2040 incensi
1200 1980 1313 2056 essent,
1325 1973 1431 2038 Theo·

257 2081 378 2148 pompus
401 2059 516 2124 videtur
542 2059 619 2122 hanc
646 2059 774 2124 fabulum
795 1995 946 2124 docuisse.
988 2059 1091 2144 Neque
1113 2067 1210 2123 tamen
1239 2059 1314 2122 haec
1334 2059 1431 2148 prima

257 2145 315 2211 fuit
338 2151 441 2234 poetae
468 2144 638 2226 comoedia,
681 2143 756 2229 qnod
789 2143 910 2208 coniicio
943 2163 982 2206 ex
1009 2165 1098 2208 uersu
1127 2146 1176 2228 qui
1210 2143 1323 2231 legitur
1353 2143 1431 2232 aqud

257 2229 510 2316 Hephaestionem
536 2251 565 2318 p.
586 2229 629 2292 76
650 2227 696 2292 ed.
719 2227 885 2293 Gaisonis
930 2224 1041 2291 Τοάτοι
1068 2230 1118 2291 καὶ
1146 2230 1194 2292 ἐπὶ
1222 2228 1430 2314 πενταμίτρου

261 2313 445 2460 Θελδπομπος
467 2311 632 2394 ὁκωμικὸς
653 2309 802 2398 ἐχρήσατο
825 2313 994 2390 ἐνΠαισίν,
1016 2291 1074 2400 ἀφ’
1093 2304 1131 2378 od
1152 2315 1202 2377 uui
1217 2311 1431 2396 Θεοπόμπειον

258 2423 297 2462 ιια
318 2407 408 2461 εἴναι·

342 2477 446 2545 Πάντ’
472 2479 578 2565 ἀγαθὰ
599 2479 638 2564 δὴ
660 2479 779 2564 γίγονιν
800 2477 947 2568 ἀνδράσιν
969 2481 1044 2566 ἐμῆς
1066 2481 1126 2549 ἀπὸ
1149 2484 1323 2558 συνουσίας.

258 2592 344 2660 Haec
371 2591 449 2656 onim
482 2597 551 2656 sunt
576 2599 680 2680 poetae
706 2591 799 2657 libere
828 2592 984 2680 gloriantis
1012 2594 1049 2658 de
1076 2593 1217 2676 educate,
1259 2615 1345 2680 quam
1372 2594 1433 2658 iarn

260 2683 348 2742 autea
367 2676 477 2742 fabulis
499 2698 517 2740 a
538 2699 571 2740 se
592 2676 679 2742 editis
700 2699 737 2766 po
760 2679 807 2742 uio
829 2678 966 2743 attulerit.
992 2677 1088 2750 Plane
1110 2679 1212 2744 eodem
1234 2677 1435 2766 modoEupo-
1488 2665 1489 2688 ¹

191 2817 195 2828 .
259 2763 298 2828 lis
325 2763 357 2826 in
378 2760 591 2826 Adulatorihus
618 2762 693 2850 apud
748 2763 878 2851 ephoest.
898 2783 927 2851 p.
948 2767 990 2830 73
1011 2763 1139 2849 loquitur
1164 2763 1202 2830 de
1228 2763 1433 2832 emolumentis
1488 2819 1489 2822 ,

260 2856 345 2934 atque
367 2847 543 2930 commodis,
566 2847 670 2932 quihus
692 2847 845 2938 audientes
867 2847 906 2912 sit
927 2857 1138 2916 axomaturus:
1488 2879 1489 2924 ι

348 2957 434 3038 Φημί
447 2955 480 3019 δὲ
499 2961 638 3038 βροτοῖσι
661 2955 739 3026 πολδ
761 2962 886 3022 πλεῖστα
907 2957 1048 3042 παρέχειν
1069 2957 1127 3042 ἐγὼ

344 3037 413 3104 Καί
428 3039 507 3104 πολδ
527 3039 646 3124 μέγιστ’
670 3040 791 3125 ἀγαθά·
820 3048 919 3106 ταῦτα
940 3043 971 3106 δ’
995 3041 1202 3123 ἀποδείξομεν.

260 3151 312 3215 ubi
332 3149 430 3214 malim
452 3148 651 3230 ἀποδείξομαι
672 3151 790 3239 legere:
812 3159 881 3216 sunt
902 3158 997 3218 autem
1018 3154 1092 3218 haec
1113 3153 1149 3217 ab
1171 3151 1218 3216 En
1240 3151 1318 3218 olida
1339 3149 1379 3217 de
1401 3173 1435 3216 se

143 3317 147 3326 ι
261 3236 326 3324 ipso
346 3235 433 3299 dicta.
475 3234 537 3298 Iam
559 3236 777 3324 Aristophanes
798 3237 972 3325 saepissime
992 3239 1124 3326 ingenue
1144 3173 1310 3326 praedicat,
1339 3257 1434 3322 quan·

261 3328 322 3386 tum
343 3319 379 3384 de
402 3318 634 3385 Atheniensibus
657 3322 777 3386 meritus
799 3323 854 3403 sit,
876 3343 996 3408 quorum
1019 3323 1132 3396 animos
1154 3323 1191 3387 ad
1211 3327 1322 3387 rectam
1342 3323 1437 3387 ratio-

261 3427 329 3470 nem
350 3403 517 3486 reduxerit,
541 3419 572 3468 nt
591 3405 623 3469 in
646 3405 888 3470 Acharnensihus
911 3429 939 3471 v.
961 3408 1039 3474 633:

349 3492 450 3570 Φησίν
471 3489 501 3552 δ’
516 3487 590 3553 εἶναι
612 3495 733 3554 πολλῶν
754 3489 883 3575 ἀγαθῶν
905 3489 988 3567 άξιος
1008 3488 1119 3572 δμῖνδ
1141 3486 1278 3573 ποιητής,
1379 3528 1382 3531 -

346 3572 481 3650 Παάσας
502 3571 583 3656 ἀμᾶς
604 3579 742 3652 ξενικοῖσι
763 3572 863 3660 λόγοις
883 3576 927 3683 μδγ
948 3579 1016 3639 λίαν
1037 3577 1261 3653 ἐξαπατᾶσθαι,

347 3656 447 3743 Μήθ’
471 3656 603 3742 ἣδεσθαι
625 3661 859 3742 θωπευομίνους
879 3659 955 3743 μητ’
980 3656 1053 3725 εἶναι
1072 3660 1305 3743 χαυνοπολίτας.

264 3767 339 3834 adde
359 3767 430 3834 ibid.
451 3789 480 3835 v.
501 3769 565 3835 643
586 3791 666 3858 seqq.
689 3777 718 3834 et
738 3771 865 3836 maxime
886 3793 915 3836 v.
936 3772 1015 3838 655:
1488 3839 1489 3856 ξ

342 3868 430 3936 Ἀλλ’
455 3865 541 3952 ὓμεῖς
561 3894 607 3934 τοι
628 3869 674 3954 μή
693 3870 765 3936 ποτ’
791 3871 927 3956 ἀφῆσθ’,
951 3867 992 3947 ῶς
1013 3866 1191 3958 κωμῳδήσει
1211 3870 1250 3934 τά
1272 3869 1390 3947 δίκαιοι,
1488 3899 1489 3946 q

285 3997 288 4002 -
352 3956 452 4036 (univ
473 3954 503 4020 δ’
528 3950 609 4035 ὑμᾶς
631 3955 729 4022 πολλοὶ
751 3956 882 4034 διδάξειν
904 3953 1015 4043 ἀγάθ’,
1044 3955 1119 4022 ὥστ’
1144 3954 1327 4036 εὐδαίμονας
1348 3951 1439 4036 εἶναι,

354 4037 398 4104 Oi
424 4037 582 4117 θωπεάων,
605 4039 674 4104 οὐδ’
698 4038 862 4108 ἀποτείνων
882 4039 1029 4124 μισθοάς,
1052 4039 1121 4106 οὔδ’
1145 4037 1374 4120 ἐξαπατύλλων,

354 4124 436 4190 oute*
455 4129 644 4210 πανουργῶν,
667 4124 738 4192 otto
758 4125 930 4214 κατάρδων,
952 4125 1030 4194 ἀλλά
1044 4126 1085 4192 τά
1104 4121 1441 4208 Ιἀίλτιστοιδιδάσιιων.

266 4241 297 4302 et
316 4237 349 4306 in
368 4234 479 4324 Vespis
500 4257 529 4301 v.
552 4236 650 4302 10172

349 4319 557 4400 Μίμψασθαι
577 4319 636 4404 γάρ
658 4327 737 4385 roias
757 4318 887 4396 θεαταῖς
907 4316 924 4384 ὃ
946 4317 1074 4402 ποιητὴς
1099 4323 1154 4383 νῶν
1174 4318 1343 4399 ἓπτθυεμτί,

345 4401 533 4468 namucum
553 4401 612 4490 γάρ
635 4429 731 4490 φησιν
748 4401 899 4491 πρότερος
918 4400 1145 4480 πάλλ’·ἀἀτοδς
1165 4395 1198 4467 εὖ
1218 4398 1387 4484 πιτοιιμιιάς.
