3004 5048
326 353 386 423 DE
407 351 549 432 uuuro
565 351 759 433 ὓθΜθΕΙ).
779 357 886 432 ATT-
907 361 1052 440 saulo
1207 366 1272 433 339

101 527 161 606 τῆς
190 515 357 608 ἀασλοηίας
383 526 441 590 τού
470 524 586 611 πατρὸς
615 527 754 604 Φαίακος
787 531 844 592 τού
876 532 1049 617 στρατηγοῦ
1081 531 1133 596 καί
1160 520 1204 596 δι’
1232 518 1276 598 ὧν

102 605 237 690 μάλιστα
258 618 393 689 μιμεῖται
415 611 447 674 Γ
444 611 549 694 σργίαν
569 607 623 676 τὸν
643 612 821 679 Λεοντῖνον.
1009 657 1010 660 =

188 688 239 756 Ex
257 693 414 784 ‚Eupolidis
437 695 619 762 Astraioutis
640 699 705 764 sive
725 697 923 786 Androgyno
945 696 1002 764 (luo
1023 697 1193 786 fragmenta
1213 717 1276 766 sor·

102 777 186 842 ravit
207 777 389 868 Hephaestio
412 799 439 868 p.
455 783 513 846 99:
535 779 668 858 Εύπολις
690 782 723 846 ύέ
743 785 776 848 ίν
796 778 1106 868 enucleationem
1126 787 1177 853 καί
1199 781 1303 853 ἀνα-ε

102 858 258 938 κτοτάτως
279 863 428 947 συνέθηκε
449 864 484 929 τὸ
508 861 604 943 sihor·
626 871 668 954 πῇ
688 867 745 949 μὲν
765 867 823 954 γὰρ
843 872 975 932 τοιαῦτα
995 877 1090 934 ποιεῖ·

180 945 304 1030 Ἄνδρες
325 946 459 1035 ἑταῖροι,
480 951 563 1038 δευρὶ
585 949 623 1035 δὴ
645 951 701 1034 τὴν
720 949 844 1037 γνώμην
863 956 1050 1038 προσίσχετε,

188 1033 229 1096 Ei
248 1029 392 1111 ἀύνατον,
415 1036 465 1098 καί
486 1033 530 1120 μή
551 1055 580 1102 τι
600 1037 703 1120 μεῖζον
724 1033 903 1123 πράττουσα
924 1033 1072 1124 τνηιχάνει.

101 1121 145 1203 πῇ
164 1116 199 1181 δὲ
220 1119 271 1180 καί
292 1123 437 1184 τοιαύτα·

187 1203 254 1268 Καί
276 1203 371 1288 §vespe
393 1197 487 1286 νύμην
508 1201 554 1266 ἀεὶ
575 1213 640 1280 τοῖς
661 1201 793 1288 ἀγαθοῖς
813 1201 985 1292 φύγροισιν.

100 1281 187 1351 ὥσθ’
212 1283 285 1352 ύλον
305 1227 391 1353 ahoi
400 1286 606 1370 χοριαμβικύν
628 1289 783 1370 ἐπίμικτον
809 1290 950 1376 γενέσθαι
978 1285 1084 1370 ὅμοιον
1097 1287 1276 1375 ’Λνακρεον-

98 1371 170 1458 τείηι
193 1373 287 1459 τῷδε·
308 1409 352 1424 -
372 1379 415 1458 πῇ
438 1373 541 1437 δὲκαὶ
564 1371 669 1450 ἀλλοις
689 1372 840 1459 ἐχρήσατο
862 1376 931 1439 λίαν
948 1371 1091 1452 ἀτάκτοις
1111 1372 1275 1458 σχήμασιν.

97 1457 177 1522 Nam
210 1457 328 1522 tertium
360 1476 617 1544 quoquoversum
650 1479 688 1523 ex
716 1461 818 1524 eadem
850 1460 952 1525 fabula
984 1461 1105 1550 petitum
1138 1461 1276 1525 arbitror.

98 1541 245 1606 Graviter
265 1550 361 1608 autem
388 1543 500 1614 enauit
520 1542 721 1631 Hephaestio,
752 1545 801 1629 qui
828 1544 885 1610 ista
906 1545 1033 1610 diversis
1059 1545 1149 1648 pluuo
1174 1543 1276 1610 metris

96 1626 269 1716 conscripto
294 1629 374 1692 iuter
393 1645 428 1693 se
449 1628 658 1714 oomposuerit:
690 1649 730 1692 ox
756 1630 894 1717 parabasi
915 1628 989 1693 haec
1009 1636 1100 1718 pehta
1120 1651 1189 1694 esse
1209 1630 1274 1718 ipse
1377 1684 1382 1696 .

95 1709 213 1776 indicat
239 1711 320 1777 infra
346 1733 375 1800 p.
398 1712 477 1792 ¹09,
509 1711 560 1776 uhi
581 1731 685 1778 rursus
713 1712 750 1776 de
778 1721 870 1776 metro
891 1709 1051 1796 Cratineo,
1079 1714 1155 1798 quod
1174 1716 1276 1780 varios

95 1795 214 1861 formas
236 1797 379 1878 adurittai,
401 1792 551 1862 disserere
570 1793 711 1860 instituit:
733 1798 798 1860 Καὶ
820 1795 855 1860 τὸ
867 1797 1050 1876 Κρατίνιιον
1071 1797 1104 1860 δὲ
1124 1797 1160 1861 τὸ
1180 1797 1278 1862 ἀσυν-

95 1877 236 1964 ιλρτητον
266 1881 300 1945 ἐκ
335 1883 543 1961 χοριαμβικού
568 1882 625 1943 καί
663 1885 827 1964 τροχαϊκού
860 1877 1147 1963 πολοσχημύτιστύν
1179 1883 1302 1948 ἔστιν’,1

95 1963 222 2049 ἀρκέσει
249 1969 341 2028 τούτο
371 1965 471 2039 δεῖξαι
491 1961 511 2046 ἦ
533 1960 710 2049 παράβασις
737 1961 757 2047 ἡ
780 1967 812 2029 ἓν
837 1974 902 2042 τοῖς
925 1961 1154 2052 Ἀστρατεύτοις
1181 1973 1276 2043 πᾶσα,

93 2051 150 2114 ἵνα
172 2047 219 2130 μὴ
240 2053 294 2112 νῦν
315 2045 496 2131 μηκύνωμεν
517 2050 750 2133 παραδείγματα
773 2049 1021 2134 παρατιθίμενοι.
1042 2050 1094 2116 uhi
1110 2049 1278 2116 Scholiasta

94 2135 179 2200 hosi
201 2154 251 2198 sos
262 2155 368 2198 versus
384 2134 510 2221 repetiit.
532 2131 611 2198 Sunt
622 2142 717 2200 auhem
727 2135 817 2235 primi
830 2135 886 2200 duo
900 2157 1003 2200 vorsus
1015 2158 1055 2200 ex
1066 2137 1132 2224 ipso
1153 2137 1276 2202 exordio

93 2155 256 2309 parahhsis
283 2219 383 2308 petiti,
416 2219 466 2282 uhi
492 2219 639 2305 choragus
669 2220 845 2285 audientiam
873 2221 930 2285 sihi
959 2221 1045 2302 faoit3
1078 2241 1134 2306 quo
1161 2220 1277 2306 quidem

95 2303 226 2370 exordio
255 2303 428 2391 saepissime
454 2303 496 2366 uti
524 2303 659 2370 solebant
681 2305 783 2369 comici
808 2313 929 2394 poetae,
973 2311 1004 2370 ut
1024 2305 1223 2370 Pherecrates
1244 2305 1276 2369 iu

94 2387 258 2456 Corianno
276 2388 354 2477 apud
375 2385 475 2452 Schol.
498 2387 651 2477 Aristoph.
672 2389 750 2456 Nuh.
773 2411 802 2454 v.
822 2389 904 2456 563:

176 2469 304 2558 Ἄνδρες
324 2469 469 2556 πρόσχετε
489 2471 543 2537 τὸν
565 2481 637 2538 νούν
708 2483 710 2488 “

179 2553 382 2643 Ἒξενρήματι
408 2562 502 2642 καινῷ

184 2639 402 2722 Σομιττύκτοις
428 2639 639 2727 ἀναπαίστοις.

91 2735 126 2794 εί
148 2725 372 2814 Aristophanes
392 2725 425 2788 iu
446 2723 557 2810 Equiti.
577 2746 607 2789 v.
627 2725 707 2790 503:

179 2807 287 2890 Ὑμεῖς
308 2807 340 2873 δ’
362 2806 435 2892 ἡμῖν
456 2806 601 2894 πρύοχετε
620 2806 674 2874 τὸν
694 2813 767 2872 νούν

186 2899 265 2970 Τοῖς
285 2893 494 2972 ἀναπαίστοις,

176 2971 221 3044 Ὦ
243 2980 389 3056 παντοίας
415 2977 476 3063 ἤδη
498 2974 634 3062 Μούσης

184 3064 395 3150 Ποιραθίντες
423 3061 499 3128 καθ’
525 3060 662 3139 ἓαατούς.

90 3151 239 3220 similiter
259 3149 292 3213 in
313 3149 508 3238 epirrhomate
531 3149 660 3212 Nuhium
683 3167 712 3211 v.
733 3145 813 3212 575:

172 3229 220 3300 Ὦ
236 3231 418 3318 σοφώτατοι
438 3235 551 3296 θεαταί
572 3235 662 3318 δεῦρο
683 3230 739 3296 τὸν
759 3235 832 3294 νούν
853 3224 1007 3312 πρόσχετε.

85 3333 123 3390 et
144 3323 180 3388 in
203 3318 313 3409 Vespis
335 3341 365 3384 v.
386 3320 484 3403 1015:

181 3409 256 3470 Νύν
276 3395 348 3468 αὖτε
369 3393 427 3490 ispi
449 3397 594 3485 πρύσχετε
615 3399 669 3467 τὸν
690 3404 780 3476 νοῦν,
802 3396 884 3483 εἴπερ
906 3391 1049 3482 καθαρόν
1070 3419 1099 3458 τι
1122 3401 1244 3482 φιλεῖτε.

86 3496 165 3560 item
188 3492 225 3554 in
246 3489 364 3554 Avibus
385 3509 412 3553 v.
434 3489 515 3554 683:
1093 3523 1097 3534 ·

174 3574 249 3657 ’Άγε
268 3573 306 3656 δὴ
328 3569 421 3659 φύσιν
443 3569 550 3653 ἀιύρες
571 3567 766 3652 ἀμαυρόβιοι,
789 3565 914 3654 φύλλων
933 3569 1018 3656 γενεᾷ
1039 3561 1231 3651 προσόμοιοι,

176 3658 423 3742 Ὀλιηούρανίες,
445 3653 613 3737 αλύσματα
634 3657 751 3738 πηλοῦ,
773 3651 922 3717 σκιοειδέα
943 3649 1021 3738 φῦλ’
1045 3647 1190 3734 ἀμενηνά,

174 3745 324 3826 Ἀπτῇνες
344 3741 518 3829 ἐφημέριοι,
541 3743 649 3804 ταλαοὶ
670 3740 793 3824 βροτοί,
820 3736 922 3824 ἀνίρες
944 3733 1141 3821 εἰκελόνειροι,

179 3825 343 3912 Πρύσχετε
364 3827 417 3892 τὸν
438 3831 510 3900 νούν
530 3833 593 3902 τοῖς
615 3821 785 3900 ἀθανάτοις
805 3819 878 3905 ἡμῖν
898 3830 962 3897 τοῖς
983 3820 1048 3884 ath
1069 3821 1179 3886 ἐοῦσιν.

85 3919 242 3986 Ceterum
262 3915 294 3978 in
316 3911 470 4002 Eupolidis
491 3933 581 3976 versu
601 3912 686 3994 δευρὶ
707 3910 746 3991 δὴ
769 3908 890 3997 scripsi,
911 3929 976 3972 eum
997 3905 1093 3992 vulgo
1111 3902 1195 3988 δεῦρ’
1211 3901 1271 3987 ἤδη

82 4005 268 4081 leuaretur,
289 3997 480 4064 Hermauuus
501 3999 591 4080 δεῦρο
614 3995 652 4078 δὴ
675 3995 859 4059 coniecisset
901 3990 1026 4060 Tertius
1048 3995 1145 4054 autem
1164 4009 1270 4054 versus

83 4078 177 4155 nisslo
194 4091 281 4173 pacto
298 4082 334 4147 ad
346 4083 516 4171 parabasin‚
538 4080 751 4169 quae-proprio
764 4079 881 4144 nomine
892 4083 1024 4158 vocatur,
1044 4073 1154 4146 referri
1164 4081 1271 4176 potest,

83 4197 158 4254 oum
182 4171 278 4255 louge
300 4167 357 4232 alio
379 4168 419 4232 sit
439 4187 551 4256 genere
571 4185 759 4230 numerorum
786 4159 959 4251 compositus
981 4159 1190 4250 ehparohauus
1211 4181 1270 4225 uuo

83 4260 260 4338 eodemque
282 4265 374 4316 metro
396 4251 553 4317 decurrere
575 4250 662 4316 solita
682 4249 736 4314 sit:
779 4268 874 4332 neque
895 4267 967 4312 vero
988 4264 1042 4334 pro
1062 4251 1146 4332 porte
1167 4245 1269 4328 macri,

82 4341 171 4430 quod
196 4343 321 4417 vocant,
347 4337 499 4401 habendus
528 4341 589 4418 est,
617 4357 681 4400 eum
703 4333 846 4400 eiusmodi
871 4331 1047 4419 parabases,
1075 4327 1169 4414 qualis
1195 4329 1269 4394 haee

82 4437 154 4511 est,
187 4421 246 4489 illa
265 4427 349 4511 parte
377 4417 508 4486 caruisse
528 4422 699 4488 videantur:
728 4421 826 4506 itaquo
852 4435 960 4480 censeo
985 4413 1069 4480 iham
1089 4431 1207 4480 versum
1229 4434 1269 4478 ex

994 4517 1071 4582 22*
