3018 5064
247 319 291 386 ot
637 315 1042 384 COMMENTATIONES

332 479 439 570 Νῆσός
458 507 505 593 κιρ
525 482 590 550 ἐστί
611 477 731 569 πρόσθε
751 473 929 566 Σαλαμῖνος
949 480 1063 565 τόπων,

333 568 435 654 Βαιύ,
457 571 613 655 δύσορμος
634 569 756 648 ναυσίν,
782 567 821 652 ἣν
842 565 859 634 δ
881 565 1048 678 ηιλόχορος

333 655 408 720 Πὰν
429 651 603 737 ἐμβατεύει,
625 655 751 732 ποντίας
771 652 867 738 ἀκτῆς
887 653 953 721 ίπι..

250 741 391 810 Cratinus
422 747 534 823 autem,
565 737 643 829 apud
687 761 754 804 uem
782 740 890 806 chorus
915 738 1033 806 videtur
1059 738 1175 808 Panem
1201 740 1349 826 salutare,
1393 752 1429 810 ut

249 827 376 894 orationi
396 825 570 914 dignitatem
591 760 736 910 quaulana
763 824 949 909 conciliaret,
979 823 1160 913 tragicorum
1309 851 1340 901 ur
1360 850 1429 895 ser-

191 945 194 952 ·
249 934 364 980 nonem
395 909 558 976 aemulatus
585 916 646 976 est:
678 931 747 974 uam
772 931 896 998 prorsus
926 909 1065 978 simihter
1092 910 1129 976 de
1205 991 1206 994 ρ
1262 913 1340 978 dixit
1361 913 1427 980 Ae-

249 997 371 1085 schylus
394 1016 429 1062 eo
450 994 531 1078 loco,
564 993 650 1076 niodo
678 1015 763 1080 quem
785 995 865 1079 dixi,
898 1002 929 1061 et
948 993 1110 1086 Euripides
1130 996 1164 1060 in
1218 998 1324 1088 eepho
1346 1001 1427 1090 apud

247 1084 378 1169 Dionys.
398 1079 521 1162 Halia,
538 1077 575 1144 de
596 1099 724 1168 conpos.
745 1081 829 1146 verb.
850 1102 879 1170 p.
901 1079 965 1148 tao
986 1080 1033 1147 ed.
1055 1079 1216 1148 Sohaefer:

335 1168 367 1234 Ω
386 1173 461 1252 γαΐα
482 1164 608 1251 πατρίς,
628 1159 666 1247 δην
685 1163 801 1248 Πίλοψ
822 1161 962 1252 ὁρίζεται,

332 1248 444 1338 Χαῖρ’,
472 1247 505 1327 hg
525 1274 558 1316 τε
578 1246 694 1336 πέτρον
710 1246 882 1334 Ἀρκάδων
902 1247 1108 1336 δοσχειμίρων
1201 1293 1223 1307 κ-

333 1337 408 1402 Πδιν
429 1332 622 1418 ἐμβατεύεις,
646 1333 735 1400 ἐνθεν
755 1331 883 1426 εύχομαι
923 1333 999 1410 ε’νος.

249 1425 290 1490 Et
310 1423 384 1489 illud
405 1443 529 1509 quoque,
550 1419 627 1508 quud
648 1420 725 1486 dixit
738 1419 843 1516 Argos
858 1360 1062 1571 Peiasqilcum,
1084 1441 1124 1484 ex
1134 1419 1290 1510 tragoedia
1300 1421 1426 1512 petitum

249 1510 402 1576 existimo:
424 1507 542 1572 dixerat
562 1528 636 1572 saue
656 1506 716 1574 iam
737 1505 886 1572 Homerus
907 1505 944 1572 ll.
997 1504 1105 1570 ‚6812
1185 1531 1187 1538 ’

333 1597 404 1658 Νῶν
425 1582 465 1658 ού
486 1587 575 1668 τούς,
597 1587 682 1656 ὅσσοι
704 1589 740 1656 rh
761 1589 956 1676 Πελασγικόν
969 1587 1094 1676 ’Ἅργος
1115 1589 1228 1670 ἔναιον,

337 1678 381 1744 Oi*
397 1675 428 1742 τ’
445 1673 567 1754 Ἀλον,
589 1676 622 1741 oi'
639 1677 669 1740 τ’
688 1672 835 1760 Ἀλόπην
856 1677 888 1741 δι’
905 1700 938 1742 τε
961 1672 1091 1762 Τρηχῖν’
1115 1675 1268 1758 ἐνέμοντο,

336 1763 379 1829 O‘t'
395 1759 426 1828 τ’
449 1757 529 1844 εἶχον
552 1761 658 1845 Φθίην
678 1756 731 1844 ἡδ’
750 1757 886 1826 Ἑλλάδα
906 1757 1134 1846 καλλιγύναικα,

332 1843 533 1933 Μυρμιδόνες
553 1845 588 1912 δέ
608 1851 754 1912 καλεῦντο
776 1848 828 1911 καὶ
841 1843 990 1930 Ἕλληνες
1011 1847 1062 1910 καλ
1079 1843 1221 1929 Ἀχαιοί.

248 1942 280 2002 at
298 1934 326 2000 is
348 1931 528 1998 Thessaliae
549 1932 652 1997 urbem
672 1931 835 2012 intellexit:
863 1954 966 1998 venun
988 1930 1097 2020 tragici
1117 1937 1222 2022 poetae
1242 1933 1344 1998 neseio
1365 1954 1424 2022 qno

248 2027 366 2086 auctore
386 2017 490 2118 Argos
512 2015 588 2102 quod
609 2016 862 2106 inPeloponneso
883 2024 930 2082 est
949 2015 1142 2107 Pelasgicon
1162 2024 1282 2084 vocnt:
1310 2017 1355 2088 uti
1376 2027 1424 2088 est
1504 2069 1505 2072 ,

248 2104 325 2196 apud
345 2101 517 2192 Euripudeuu
543 2102 575 2166 in
596 2100 773 2168 Phoenissis
795 2123 824 2168 v.
846 2103 925 2170 256:

325 2185 449 2272 ’Ἁργος
470 2177 496 2250 ῶ
515 2185 712 2269 Πελασγικόν

333 2273 491 2354 Λειμαίνεο
511 2269 568 2334 τὰν
588 2268 648 2336 σὰν
668 2268 774 2336 ἀλκάν.

248 2367 278 2425 et
299 2380 350 2424 sae
370 2358 417 2424 ius
438 2358 470 2422 iu
492 2355 599 2420 Oreste
621 2376 651 2420 v.
671 2357 750 2424 691:

331 2380 433 2528 ίίίύχη
459 2439 526 2550 μὲνν
538 2431 592 2506 σύν
612 2435 650 2505 ἂν
671 2436 1001 2532 οὐχ-ὑπερβαλοίμεθα

330 2526 495 2610 Πελασγόν
524 2529 643 2684 Appos.

248 2612 617 2690 sammarthanus
651 2635 656 2646 “
757 2660 760 2668 ,

332 2705 510 2792 Μυκηνίδες
530 2691 557 2770 oi
577 2701 674 2792 φίλαι,

337 2795 387 2862 Tu
408 2799 516 2881 πρῶτα
537 2788 617 2856 κατὰ
637 2785 802 2872 Πελασγόν
822 2787 892 2863 ἕδος
908 2781 1075 2873 Ἀργείων.
1299 2859 1304 2868 .

248 2892 278 2954 et
296 2884 394 2950 denuo
415 2903 445 2947 v.
467 2879 566 2947 1²96:
608 2876 772 2958 Πελασγόν
785 2870 919 2956 ”Αργος,
942 2893 970 2936 v.
992 2869 1091 2971 thot:
1129 2867 1421 2970 ἭργοςΠελασγι·

248 2969 310 3037 κόν.
352 2969 421 3035 Non
441 2973 539 3032 tannen
560 2963 671 3054 primus
698 2961 756 3028 fuit
775 2957 953 3048 Euripides,
986 2977 1036 3042 qur
1061 2956 1117 3020 hao
1138 2955 1335 3055 appellatione
1359 2968 1420 3022 ute·

247 3063 345 3138 retur,
367 3052 420 3119 sed
441 3051 516 3150 allus
538 3049 684 3135 antiquior
697 3046 839 3134 tragicus,
860 3043 892 3110 id
914 3041 991 3190 paud
1011 3039 1061 3140 vel
1081 3040 1215 3192 lippae
1237 3039 1355 3109 Cratini
1375 3042 1420 3108 lo.

248 3163 302 3292 lli
320 3127 1422 3312 titttttlttgnftidttttlthtttttnthhlttzt

140 3349 143 3358 ε
248 3309 331 3376 simis
353 3303 689 3396 temporibusPelasgos
711 3300 779 3366 illas
800 3297 941 3385 regiones
962 3295 1095 3360 tenuisse
1116 3316 1225 3381 eosque
1246 3295 1419 3384 ahongrnes

248 3396 361 3475 luisse,
392 3393 434 3456 ita
454 3412 489 3454 ue
516 3395 550 3452 ut
569 3407 678 3475 magno
700 3385 797 3470 aliquo
816 3383 930 3446 honore
951 3387 1074 3463 ornent,
1105 3379 1211 3468 Argos
1232 3392 1340 3446 vocant
1359 3381 1421 3447 Pe-

248 3479 402 3568 lasgicon.
434 3411 498 3540 hu
523 3471 693 3560 Aeschylus
720 3471 752 3534 in
774 3466 962 3556 Supplicihus
982 3464 1118 3554 Argivos
1139 3466 1288 3554 Pelasgos
1309 3465 1420 3554 ipsun·

249 3587 304 3654 que
325 3583 428 3650 regem
448 3558 611 3646 Pelasgum
632 3575 739 3620 vocare
761 3552 853 3634 solet,
875 3552 914 3616 cf.
935 3559 1055 3640 praeter
1076 3549 1136 3618 alia
1155 3551 1229 3639 illud
1250 3572 1279 3618 v.
1300 3553 1381 3618 250:

336 3651 403 3711 Τοῦ
425 3669 443 3730 γ
463 3647 567 3727 γενοῦς
586 3637 646 3728 γύρ
668 3637 729 3719 εἰμ’
753 3637 812 3722 apd
832 3639 1057 3718 Παλαίχθονος
1145 3660 1151 3674 ·

327 3724 399 3808 'loir
455 3729 600 3836 ελαηγαῶ,
618 3726 714 3808 Ιτῆσδε
734 3729 789 3808 γῆς
810 3719 992 3807 ἀρχηγέτης·
1085 3761 1089 3768 -

329 3816 431 3898 Ἔμοῦ
453 3807 484 3876 δ’
509 3831 640 3887 ανακτος
660 3803 790 3894 εύλόγιος
810 3803 971 3890 ἐπώνυμον
1199 3881 1205 3891 ι

333 3903 364 3967 Γ
362 3901 428 3976 ίνος
448 3899 620 3981 Πελασγῶν
639 3891 728 3977 τήνδε
749 3895 921 3979 καρποῦται
939 3884 1054 3974 χθόνα.
1141 3945 1145 3954 .
1229 3905 1248 3938 ·.
1307 3904 1316 3916 ·

248 3987 320 4058 ihid.
341 4007 371 4052 r.
391 3985 464 4052 632.
492 3976 580 4046 πόλιν
600 3976 767 4064 Πελασγόν
787 3984 818 4044 et
837 3998 867 4045 v.
889 3973 988 4044 1⁰24:
1026 3967 1116 4040 πόλιν
1134 3975 1307 4058 Πελασγῶν
1332 3974 1422 4042 dixit.

248 4070 412 4162 Sophocles
439 4065 532 4134 semel
555 4065 705 4156 Pelasgos
732 4068 953 4144 conmemorat,
991 4060 1046 4126 sed
1066 4061 1113 4129 ita
1139 4067 1171 4124 ut
1199 4081 1266 4126 erun
1294 4061 1420 4129 eundern

248 4155 425 4304 mantiam
433 4158 576 4324 ²opputatur
600 4169 668 4216 esse
689 4153 845 4242 appareat,
865 4147 899 4216 in
917 4142 1028 4220 Iuaoho
1049 4141 1141 4238 (apud
1161 4141 1293 4234 Dionys.
1314 4144 1420 4232 Antip.

176 4243 506 4316 ‚Raman.:
775 4295 777 4300 .
932 4283 991 4308 ,,
1153 4270 1380 4310 ··.,

327 4324 426 4407 Ἴναχε
445 4327 605 4410 γεννῶεορ,
631 4325 693 4384 aar
708 4322 828 4406 κρηνῶν
1080 4376 1093 4397 ,,
1189 4362 1193 4370 .
1298 4366 1303 4377 .

333 4405 463 4498 Πατρός
479 4407 646 4486 Ὠκεανοῦ,
667 4405 747 4492 μίγα
767 4395 943 4492 πρεσβεύων
972 4445 1002 4480 ·.
1280 4466 1285 4480 .
1319 4480 1322 4490 Δ
1402 4457 1409 4471 ,
