3042 5070
313 324 374 392 DE
394 323 538 402 numo.
559 322 747 400 COMOED.
767 323 876 396 A'Pl'.
894 325 1040 408 ANTIO·
1238 334 1260 396 1

82 493 263 572 trchihchi
294 499 393 570 esan
427 495 560 570 omnino
595 503 746 581 nunquan
782 497 895 564 anna
931 499 1018 562 erent
1058 495 1263 574 οοιιοιιὶιιιοοι

81 581 213 656 Athenis
235 577 291 656 illu
310 579 486 670 pracsertim
512 585 609 648 aetatu
629 585 732 664 uecta,
764 585 798 646 ut
822 578 1015 668 opprimenda
1039 586 1091 650 ast
1114 581 1260 650 mensa·

79 690 114 734 ea
135 667 272 740 caminis
292 672 380 756 ροολι
405 685 530 734 censam
555 665 692 754 potuerit.
743 662 841 734 Erant
867 675 942 733 sane
965 663 1079 733 lascim
1104 687 1161 733 uec
1185 668 1261 734 mtto*

79 760 179 830 caena
200 773 308 824 rerum
328 755 410 821 enta
430 750 463 819 in
483 751 522 820 iis
544 757 610 820 erat
629 750 780 838 ριιινίλιιι,
802 755 885 818 tarta
903 769 1017 822 nonan
1038 751 1169 839 prohitar
1189 771 1262 820 oen-

79 837 280 928 spiciehatnr,
302 843 335 908 nt
354 833 536 916 demeretur,
563 835 702 937 quidquid
732 856 854 924 pmvun
882 841 932 904 aut
956 835 1127 906 inlecomnr
1147 840 1261 926 ptris·

79 931 126 990 set
158 922 272 988 viderit
316 941 412 1006 neque
450 921 569 985 omnino
602 921 670 992 talus
696 919 816 990 licentia
843 918 1020 990 abhorrebat
1052 921 1089 990 ah
1125 930 1261 992 remum

77 1030 162 1075 more
184 1007 364 1095 ctingenio,
386 1005 436 1091 qui
445 1006 527 1094 ipsos
541 1006 657 1092 quidem
667 1012 770 1096 poetes
792 1011 889 1070 castos
917 1025 985 1072 csse
1005 1005 1172 1090 voluerunt,
1194 1031 1258 1074 car-

78 1096 161 1160 mina
188 1093 267 1157 nihil
292 1111 418 1156 necesse
446 1112 514 1156 esse
540 1091 711 1160 censebunt
761 1088 872 1157 Cetera
897 1096 993 1154 autom
1019 1110 1093 1175 quac
1120 1095 1185 1178 quis
1205 1115 1258 1183 po-

80 1180 189 1244 tuisset
208 1179 242 1242 iu
269 1175 511 1264 disceptationem
532 1197 639 1248 vocare
660 1176 740 1240 levia
760 1181 865 1257 erant,
886 1195 943 1238 nec
963 1175 1037 1240 satis
1059 1167 1162 1264 (ligna,
1183 1189 1259 1264 qliae

81 1261 389 1352 reprehenderentur3
427 1259 487 1326 tale
514 1260 608 1349 igitur
629 1259 783 1325 eorrsilinm
805 1259 945 1324 abhorret
965 1281 984 1324 a
1006 1256 1147 1344 Cratino,
1173 1283 1258 1352 mag-

84 1349 206 1421 nanimo
227 1347 308 1428 viro,
337 1345 560 1446 grammaticum
585 1345 733 1410 hominem
756 1344 856 1426 decet,
889 1343 1052 1446 ¹diligenter
1072 1348 1170 1412 omnia
1190 1370 1257 1440 per-

89 1437 259 1501 scrutantem
279 1439 309 1494 et
326 1435 496 1497 rimantem:
527 1429 648 1500 fuerunt
668 1437 764 1500 autem
786 1429 929 1500 eiusmodi
949 1449 982 1494 ιιι
1002 1425 1198 1520 Archilocho,
1226 1441 1260 1506 ut

87 1515 463 1604 aocmrestbonginnscle
478 1515 593 1580 sublim.
616 1539 640 1580 c.
662 1517 720 1582 33:
738 1513 973 1602 Ἐρατοσθένης
993 1515 1026 1580 ἐν
1045 1522 1084 1604 τῇ
1100 1515 1171 1602 Ἠρι
1192 1514 1257 1608 lep,

83 1602 134 1668 διὰ
161 1599 287 1666 πόντων
314 1600 373 1686 γὰρ
400 1596 570 1682 ἀμώμητον
597 1600 632 1664 τὸ
654 1597 853 1687 ποιημάτιον,
881 1599 935 1688 Ἀρ
957 1597 1063 1684 ιλόχου
1085 1543 1193 1668 ccciiii
1205 1605 1257 1668 acal

80 1683 307 1770 όνοιιιονόμητα
328 1681 576 1780 παρασόροντος,
599 1685 743 1752 ’κάκεῖνα
770 1691 825 1770 τῆς
858 1625 986 1769 ἔκβοόῆς
1011 1692 1068 1752 roi
1095 1690 1257 1772 δαιμονίου

78 1770 254 1856 νινεόματος
283 1795 378 1856 ορμῃ,
411 1795 449 1852 ην
477 1771 537 1834 υπὸ
565 1767 661 1852 νόμον
687 1769 778 1846 τάξαι
805 1765 972 1854 illisaciae,
1009 1763 1071 1856 ἆρα
1096 1764 1136 1858 όὴ
1155 1799 1204 1861 pter
1223 1800 1258 1839 ον

78 1855 217 1942 ποιητής·
260 1855 305 1922 At
331 1856 390 1922 fuit
415 1854 557 1923 Cratinus
584 1877 697 1944 qnoque
719 1857 821 1921 livino
841 1855 894 1920 illo
916 1856 1021 1945 spiritu
1042 1851 1256 1941 inflammatum

78 1965 168 2030 quaro
200 1964 267 2010 com
294 1941 411 2029 ingenii
436 1943 549 2030 pariter
574 1949 661 2028 atque
687 1942 814 2008 instituti
841 1962 955 2010 summa
987 1941 1147 2010 similitudo
1178 1945 1258 2010 iuter

77 2037 233 2114 ολιοιιιιριιο
269 2035 385 2116 poetam
415 2026 634 2110 intercesserit,
676 2026 888 2094 Archilochum
919 2048 938 2095 a
966 2025 1091 2094 Cratino
1117 2037 1257 2098 vexatum

79 2115 170 2182 lanso
198 2133 281 2202 nego
308 2118 395 2196 atque
419 2133 568 2201 pernego:
611 2133 667 2178 uec
696 2111 723 2180 si
750 2132 825 2198 qaae
851 2111 884 2176 in
910 2109 1028 2180 Cratini
1053 2113 1107 2178 re'
1130 2114 1194 2180 uiie
1208 2137 1257 2180 re-

76 2201 247 2352 periuntur,
281 2217 355 2291 quae
382 2195 420 2268 ad
441 2196 614 2266 Archilochi
641 2197 794 2285 exemplar
820 2217 966 2285 expresso
986 2204 1072 2279 sunt,
1104 2199 1114 2236 ἰ
1155 2221 1257 2288 reprc-

96 2285 228 2354 cadendi
248 2282 347 2352 studio
367 2282 477 2350 factum
498 2291 560 2365 est,
588 2281 643 2352 sed
664 2289 893 2350 consentaneum
915 2282 1012 2374 potius
1034 2289 1081 2352 est
1101 2281 1257 2352 Cratinum
1323 2351 1326 2360 ,

75 2370 155 2438 illius
191 2367 417 2440 amaritudinem
448 2375 535 2452 atque
570 2387 680 2433 nervos
717 2367 850 2434 studiose
885 2367 1060 2436 aemulatum
1089 2389 1167 2437 csse.
1216 2369 1257 2436 Et

76 2458 123 2556 spui
145 2454 323 2544 diligentius
345 2452 561 2523 examinaverit
582 2475 634 2534 ea,
673 2473 747 2538 quaa
768 2452 801 2518 in
823 2449 941 2520 Cratini
960 2451 1094 2538 reliquiis
1117 2453 1154 2520 acl
1175 2455 1257 2522 simi·

73 2541 230 2607 latudinem
258 2537 517 2605 Archilochiorum
543 2538 707 2604 iamborum
739 2536 897 2620 accedunt,
940 2537 1156 2604 animadvertet
1182 2541 1256 2606 haec

74 2624 279 2696 recludendi
299 2622 482 2688 irridendive
504 2645 595 2688 causa
615 2624 716 2691 efficta
742 2643 827 2704 esse,
854 2643 958 2690 uerum
979 2630 1012 2688 ut
1032 2625 1167 2711 gravitas
1189 2646 1256 2690 ora·

75 2711 149 2780 tioni
170 2709 388 2776 conciliaretur.
431 2707 472 2772 Et
497 2709 529 2774 in
551 2709 607 2774 hac
628 2707 744 2794 quidem
770 2706 888 2788 labala,
923 2707 961 2774 tle
987 2728 1044 2793 qua
1113 2710 1187 2792 tur,
1220 2731 1256 2776 eo

93 2797 260 2864 'tissimum
281 2793 407 2858 consilio
427 2793 484 2860 hoc
504 2793 622 2860 videtur
643 2791 786 2878 Cretione
813 2791 940 2873 fecisse,
973 2801 1006 2862 nt
1027 2793 1087 2858 vivi
1109 2817 1127 2860 a
1146 2795 1256 2860 Archi-

123 2883 156 2948 hi
181 2885 287 2970 poetae
320 2879 421 2965 imago
453 2885 521 2942 ante
549 2876 656 2946 oculos
699 2881 855 2956 oneretur,
899 2877 1038 2962 subque
1066 2879 1164 2967 specio
1190 2881 1255 2968 ipse

82 2966 149 3052 quid
167 2965 292 3032 sentiret
311 2961 406 3028 libere
423 2963 625 3062 profiteretur.
666 2899 708 3028 Fit
735 2960 956 3062 Aristophanes
976 2983 1090 3050 quoque
1110 2983 1255 3030 nonnum-

79 3073 161 3138 quam
193 3050 232 3116 ao
258 3047 434 3117 Archilochi
460 3047 613 3136 exemplar
643 3067 677 3110 so
699 3053 876 3134 composurt,
908 3045 940 3114 id
961 3047 1038 3133 quod
1059 3047 1096 3116 de
1117 3071 1255 3116 numero-

74 3159 140 3205 rum
162 3135 398 3206 conformatione
419 3139 544 3198 testatur
565 3131 769 3201 Terentianus
791 3153 820 3196 v.
841 3131 943 3200 2243:

158 3219 374 3308 Aristophanis
394 3217 505 3318 ingens
527 3218 615 3290 micat
634 3215 780 3299 solerte,

55 3376 58 3382 ,
160 3305 221 3380 Qui
242 3327 294 3374 sae
315 3327 332 3370 e
353 3313 455 3368 meurs
477 3303 704 3374 multiformibus
725 3301 812 3370 nouis

160 3326 362 3460 Archilocirou
389 3395 452 3455 arte
473 3396 520 3455 est
541 3385 703 3458 aemulatus
724 3387 845 3458 musica.

71 3477 114 3546 Et
142 3477 182 3544 acl
208 3476 363 3556 comicum,
396 3493 492 3558 nequo
522 3493 592 3541 vero
614 3472 653 3538 acl
668 3471 894 3624 firanrmaticam
917 3471 1147 3574 Aristophanem
1167 3473 1251 3542 vide.

72 3571 122 3632 tur
143 3560 333 3632 referendum
354 3579 436 3640 esse,
473 3558 550 3643 quod
576 3557 647 3625 dicit
695 3558 775 3624 icero
797 3555 893 3644 Epist.
915 3557 954 3624 ad
973 3555 1065 3622 Atttc.
1086 3557 1170 3628 XVI.
1193 3561 1250 3630 112

75 3655 176 3723 aava
199 3653 342 3720 cereris,
376 3667 418 3706 m
444 3639 609 3724 ἀδόλεσχος
635 3658 674 3705 ιιι
701 3642 804 3708 nihi?
837 3649 914 3725 quic
940 3651 1072 3712 uticus?
1107 3645 1191 3716 mihi
1212 3658 1253 3708 uc

71 3732 301 3812 Aristophani
317 3729 513 3796 Archilochi
530 3731 669 3807 iambos,
692 3736 743 3792 cic
763 3732 910 3807 epistola
931 3729 1127 3810 longissima
1148 3749 1250 3812 quae-

72 3843 139 3904 quc
160 3825 286 3900 optima
306 3820 449 3880 videtur.
1223 3871 1227 3888 ,

159 3901 315 3968 Cratinum
341 3905 437 3964 autem
468 3897 642 3966 Archilochi
670 3917 836 3970 sermonem
862 3895 1007 3970 imitatum
1034 3919 1103 3964 csse
1134 3897 1167 3963 in
1193 3897 1250 3967 hac

69 3985 174 4054 fabula
199 3983 349 4050 luculento
370 4005 455 4047 exem
476 3983 505 4046 lo
533 3982 618 4046 docet
638 3981 823 4084 Hephaestio
851 4002 880 4070 p.
908 3982 952 4052 88
977 3983 1027 4069 qui
1054 4003 1119 4050 cnm
1139 3982 1250 4056 iodea

68 4095 98 4162 p.
121 4073 166 4138 83
188 4071 225 4136 de
247 4069 427 4156 asynartctis
490 4067 649 4138 chilochiis
671 4068 854 4150 assereret,
881 4065 1036 4140 Cratinum
1057 4069 1127 4141 dicit
1147 4091 1249 4136 nume-

67 4179 173 4222 rorum
194 4155 281 4242 leges
302 4155 477 4243 ignorasse,
505 4173 570 4216 cum
590 4151 669 4216 hunc
689 4175 809 4218 versum
830 4152 869 4218 acl
891 4152 1055 4242 exemplum
1075 4154 1249 4220 Archilochi

68 4241 201 4308 uoluerit
221 4241 422 4305 conformare:
466 4240 623 4324 Κρατῖνος
644 4235 693 4316 at,
721 4233 796 4302 όταν
822 4238 894 4324 λέχη
916 4240 949 4304 ἐν
967 4247 1033 4314 τοῖς
1048 4235 1248 4326 Ἀρχιλόχοις.

151 4325 361 4412 Ἔρασμονόδη
382 4319 531 4399 ΙΒόθινινιε
551 4327 613 4390 τῶν
634 4319 808 4409 separatae

70 4417 165 4484 τοῦτο
186 4410 222 4480 τό
242 4409 357 4498 μέτρον
378 4407 493 4495 ἀγνοοῖ,
516 4403 562 4478 ότι
583 4405 641 4480 οὖν
661 4405 806 4498 ἄντικρυς
830 4415 967 4492 μιμεῖται
993 4411 1051 4478 τοῦ
1067 4403 1246 4496 Ἀρχιλόχου
