3042 5070
242 337 285 409 τε
583 295 590 304 ’
628 332 1032 406 coomnurnmonns

244 531 303 612 gns
329 529 390 576 nou
453 526 470 573 r
495 510 630 597 integros
651 503 804 572 duodecim
826 527 921 572 annos
941 507 1056 572 cumvit
1076 499 1217 574 rationes
1230 507 1418 576 administra·

243 596 333 666 honis
353 594 411 684 pub
425 597 487 660 'cae
508 615 562 659 suo
589 593 723 674 nomine,
767 591 821 658 sed
847 598 880 656 ut
906 592 977 656 mihi
1008 591 1125 678 quidem
1149 593 1267 660 videtur
1293 601 1420 684 quatuor

244 687 356 747 tantum
377 701 471 744 annos
493 679 530 743 ab
551 677 670 768 Olymp.
683 676 773 743 clx.
795 681 825 743 3.
847 676 998 763 usquead
1020 677 1108 764 Olym
1130 727 1138 743 .
1160 677 1227 745 CX.
1248 683 1284 746 3:
1309 681 1419 746 deinde

244 766 297 834 clii
317 764 597 830 administraverunt
615 763 673 826 hoc
693 783 818 844 munus,
850 763 893 826 ita
920 768 1019 826 tamen
1046 769 1081 826 ut
1100 700 1257 851 pllurimum
1277 765 1386 852 Lycur
1409 765 1417 782 ⁶

118 873 121 880 ·
244 851 359 916 valeret
384 849 557 914 auctoritas:
594 847 655 912 uid.
684 848 734 912 sit.
759 847 900 934 Lycurgi
931 846 1008 934 apud
1033 844 1241 914 Plutarchum:
1286 850 1334 916 Τὸ
1361 787 1421 934 pil

244 940 367 1018 πρῶτον
393 935 528 1021 αἱρεθείς
558 929 666 1010 αὐτός,
710 929 813 995 ἔίιειτα
846 937 908 996 τῶν
939 935 1037 1016 φίλων
1065 931 1314 1020 ἐπιγραψάμενός
1348 959 1421 1004 τινα

244 1019 338 1096 αὐτὸς
364 1021 494 1084 ε’ποιεῖτο
519 1017 576 1100 τὴν
596 1018 744 1100 διοίκησιν
766 1015 874 1081 διὰτὸ
896 1013 1020 1102 φθάσαι
1041 1013 1137 1098 νόμον
1157 1017 1341 1104 εἰσενεγκεῖν,
1373 1021 1420 1106 μὴ

244 1107 337 1172 πλείω
358 1106 445 1169 πέντε
474 1106 551 1169 ἐτῶν
572 1101 684 1166 διέπειν
703 1101 757 1166 τὸν
775 1103 1031 1187 χειροτονηθέντα
1053 1103 1102 1166 ἐπὶ
1123 1102 1164 1168 τά
1185 1102 1320 1188 δημόσια
1338 1103 1422 1190 χρή-

243 1217 340 1275 ματα.
384 1189 446 1256 Sed
471 1211 526 1278 per
550 1187 680 1274 reliquos
707 1195 772 1252 octo
799 1208 893 1252 annos
914 1187 1014 1252 multis
1036 1187 1103 1254 aliis
1131 1191 1302 1255 muneribus
1322 1191 1422 1282 puhli-

244 1278 288 1344 cis
309 1277 427 1340 functus
450 1281 514 1356 est,
546 1274 622 1358 quod
648 1273 757 1338 ibidem
783 1273 942 1338 memoriae
970 1279 1017 1337 est
1041 1273 1205 1362 proditum3
1237 1275 1312 1341 hacc
1338 1277 1418 1342 enim

245 1362 384 1427 continuo
405 1360 635 1446 subsequuntur:
683 1357 744 1432 Ἀεί
767 1355 797 1422 τ’
827 1355 962 1444 ἐφεστώς
989 1367 1054 1434 τοῖς
1079 1356 1178 1450 έργοις
1199 1360 1345 1426 διετέλεσε
1365 1363 1421 1426 καὶ

245 1447 360 1532 θέρους
381 1446 431 1510 καὶ
450 1449 613 1527 χειμῶνος,
646 1443 697 1506 καί
719 1443 768 1506 ἐπὶ
789 1440 845 1526 τὴν
865 1447 921 1506 τοῦ
942 1443 1078 1525 πολέμου
1099 1442 1296 1530 παρασκευὴν
1313 1470 1422 1529 χειρο-

244 1533 386 1614 τονηθείς
413 1529 512 1593 πολλὰ
541 1534 597 1612 τῆς
625 1523 741 1602 πόλεως
766 1523 973 1613 ἐπηνώρθωσε
993 1532 1059 1592 κτλ.
1084 1534 1146 1594 tum
1176 1530 1325 1595 adduntur
1348 1529 1435 1596 illa:¹

246 1615 347 1684 πολλὰ
374 1615 408 1679 δέ
432 1610 567 1698 ἡμίεργα
590 1609 788 1698 παραλαβὼν
809 1613 956 1689 ἐξετέλεσε
988 1617 1054 1678 κτλ.
1104 1612 1204 1679 Credo
1235 1615 1330 1703 igitur
1349 1615 1423 1703 Ly·

245 1724 370 1790 curgum
390 1697 461 1766 inde
483 1700 519 1764 ab
541 1698 658 1787 Olymp.
676 1696 747 1763 CX.
768 1697 800 1762 3.
821 1719 858 1762 ea
878 1719 1002 1762 munera
1028 1698 1313 1784 administravisse‚1
1342 1723 1422 1788 quae

244 1787 413 1856 Aeschines
440 1792 659 1850 commemorat:
701 1783 787 1847 initio
800 1835 802 1840 .
817 1784 888 1847 anni
914 1783 1056 1872 pecuniae
1078 1791 1147 1848 sunt
1168 1785 1206 1850 ad
1226 1785 1336 1851 bellum
1358 1787 1424 1852 col-

244 1874 322 1940 latae
348 1871 418 1936 hinc
444 1871 478 1934 in
503 1870 565 1934 vita
590 1867 730 1956 Lycurgi
758 1867 835 1957 apud
854 1868 935 1934 Plut.
957 1875 1199 1934 commemoratur
1220 1868 1332 1936 Callias
1355 1873 1424 1958 qui-

242 1959 328 2039 dam,
350 1956 399 2041 qui
419 1955 475 2019 hoc
496 1975 618 2019 munere
640 1975 676 2018 eo
698 1975 776 2018 anno
797 1953 916 2017 functus
938 1959 999 2018 est:
1034 1951 1125 2036 Ἔσχε
1147 1955 1181 2018 δὲ
1201 1965 1282 2040 τρεῖς
1302 1959 1422 2033 παῖδας

244 2045 277 2114 ἐκ
287 2044 483 2115 Καλλιστοῦς
504 2045 559 2120 τῆς
579 2036 734 2126 Ἅβρωνος
753 2037 811 2121 μέν
819 2034 986 2124 θυγατρός,
1008 2039 1149 2103 Καλλίου
1171 2040 1205 2104 δέ
1225 2046 1280 2104 τοῦ
1295 2038 1422 2125 Ἅβρω-

245 2151 298 2202 νος
324 2129 477 2206 Βατῆθειι
500 2122 649 2210 ἀδελφῆς,
688 2127 744 2187 τοῦ
770 2120 992 2205 ταμιεύσαντος
1018 2131 1244 2210 στρατιωτικῶν
1264 2127 1313 2190 ἐπὶ
1335 2130 1421 2190 Χαι-

246 2209 365 2296 ρώνδου
402 2208 559 2292 ἄρχοντος.
603 2207 667 2290 (Cf.
694 2206 798 2296 steph.
824 2207 901 2294 Byz.
922 2229 951 2273 v.
972 2205 1085 2294 Βατή.)
1130 2209 1191 2276 Sed
1213 2211 1316 2286 eodem
1338 2235 1419 2277 anno

245 2298 333 2364 etiem
355 2317 403 2361 ma
426 2297 546 2358 ‘stratus
567 2293 735 2376 restitutus,
763 2293 813 2379 qui
833 2292 984 2376 θεωρικὸν
1005 2294 1188 2384 dispertirem
1215 2318 1318 2385 pugna
1337 2298 1419 2362 enim

153 2387 155 2390 ’
244 2380 298 2448 illu
319 2381 356 2446 ad
379 2379 405 2446 C
426 2399 584 2444 aeroneam
604 2380 760 2443 commissa
781 2383 828 2443 est
850 2380 934 2444 initio
957 2381 1021 2444 eius
1043 2383 1114 2444 anni
1135 2382 1183 2446 die
1204 2383 1328 2470 septimo
1349 2381 1421 2446 Me-

245 2467 450 2555 tegeitnionis,
468 2463 691 2530 vidPlutarch.
707 2463 824 2530 Camill.
846 2487 871 2529 c.
894 2467 950 2529 19:
972 2466 1164 2552 magistratus
1187 2474 1293 2549 autem,
1314 2469 1363 2552 qui
1379 2467 1421 2532 τὸ

246 2551 397 2638 θεωρικὸν
408 2546 702 2639 Ιοεςίτολοτ,ὀ1ἱηοολ
714 2549 778 2614 dies
791 2555 896 2614 antem
961 2549 1142 2658 uDionysia
1152 2551 1329 2640 eligebatur,
1341 2574 1422 2638 quae

246 2637 471 2714 celebrabantur
498 2637 545 2700 die
571 2635 742 2700 duodecimo
771 2633 924 2723 Elaphebo
939 2635 1024 2700 ‘onis
1073 2637 1135 2702 bed
1162 2659 1223 2702 non
1250 2637 1421 2726 Lycurgus

165 2785 169 2794 ,
245 2723 358 2804 solum,
384 2721 596 2786 verumetiam
622 2719 841 2784 Demosthenes
868 2720 970 2784 eodem
996 2727 1127 2811 tempore
1148 2729 1179 2786 et
1203 2721 1239 2786 τὸ
1265 2721 1423 2808 θεωρικὸν

246 2807 476 2910 dispertiendum
497 2813 528 2871 et
553 2825 653 2870 muros
681 2805 877 2870 exstruendos
904 2807 1031 2888 curavit,
1063 2807 1122 2871 vid.
1149 2805 1310 2872 Aeschinis
1333 2829 1423 2873 accu-

246 2894 371 2959 sationis
398 2891 529 2957 lihellum
558 2891 637 3042 {pud
657 2889 814 2956 Demosth.
836 2890 873 2956 de
894 2913 1004 2956 corona
1023 2890 1092 2975 ὄλ,
1127 2893 1313 2978 quiquidem
1335 2891 1421 2958 dela-

245 2988 292 3046 tus
315 2986 362 3044 est
381 2984 467 3044 sexto
489 2977 536 3042 die
598 2975 875 3065 aphebolionis,ita
896 2985 1008 3041 utnon
1030 2978 1079 3042 diu
1101 2978 1277 3064 magistratu
1298 2978 1420 3044 functus

246 3063 472 3145 essevideotur,
494 3083 557 3127 oum
568 3063 621 3127 illa
633 3061 671 3126 lis
681 3061 884 3126 intenderetur
894 3061 1105 3126 Demostheni:
1139 3061 1206 3125 ’Eat
1217 3065 1420 3146 Χαιρωνίδου

246 3148 402 3234 ἄρχοντος,
419 3149 743 3234 έλαφηβολιῶνοςὲλιτη
750 3147 924 3227 ἱσταμένου,
940 3148 1091 3229 Αἰσχίνης
1100 3145 1289 3232 Ἀτρομήτου
1296 3151 1419 3213 Κοθω-

246 3237 333 3317 κέδης
354 3229 498 3318 ἀπήνεγκε
520 3233 597 3318 πρὸς
617 3232 670 3296 τὸν
692 3230 825 3316 ι’ίρχοντα
848 3229 1036 3316 παρανόμων
1050 3231 1174 3316 γραφὴν
1194 3232 1273 3297 κατά
1294 3236 1419 3316 Κτησι-

270 3323 441 3395 ιῖιιτοςιιτλ.
464 3325 494 3383 et
505 3319 611 3384 deinde
622 3317 841 3382 Demosthenes
859 3317 968 3381 rationi
988 3317 1157 3382 reddendae
1179 3319 1325 3384 obnoxius
1347 3341 1419 3385 esse

245 3345 352 3474 dicitur
377 3401 441 3469 ίστι
471 3403 505 3467 δὲ
526 3403 735 3487 Δημοσθένης
754 3401 924 3485 τειχοποιὸς
944 3405 994 3466 καί
1021 3404 1069 3467 ἐπὶ
1090 3409 1134 3491 τῷ
1161 3407 1303 3492 θεωρικῷ
1331 3429 1420 3468 τετα-

245 3490 363 3576 γμένος.
407 3488 552 3588 Collegae
573 3491 666 3578 igitur
685 3490 824 3554 videntur
832 3489 1051 3554 Demosthenes
1074 3495 1104 3552 et
1124 3487 1287 3578 Lycurgus
1309 3491 1418 3574 fuisse,

245 3577 323 3640 alter
343 3595 383 3638 ex
408 3573 610 3658 Pandronide,
653 3574 729 3640 ulter
750 3595 790 3639 ex
810 3573 943 3640 Oeneidc
964 3575 1043 3638 trihu
1066 3573 1220 3657 delectus,
1263 3575 1418 3661 eidemque

246 3661 306 3726 alia
332 3666 451 3749 praeter
474 3657 548 3724 illud
574 3681 679 3724 munus
707 3660 994 3726 administraverunt.
1035 3659 1213 3760 Lycurgum
1240 3667 1337 3724 autem
1366 3681 1418 3724 cu-

244 3767 310 3810 ram
336 3749 393 3808 τοῦ
422 3749 576 3829 θεωρικοῦ
605 3745 738 3833 gessisse
770 3747 858 3810 etiam
891 3767 930 3810 ex
955 3745 1004 3809 his
1031 3745 1104 3810 mihi
1129 3745 1234 3810 videor
1262 3745 1417 3832 colligere,

246 3829 482 3918 praeleguntur
508 3831 540 3894 in
565 3831 627 3894 vita
646 3829 787 3918 Lycurgi
808 3830 844 3895 de
866 3831 1052 3896 damnatione
1073 3829 1204 3919 Diphili:
1242 3827 1360 3914 ’Έκρινε
1383 3829 1418 3894 δὲ

246 3918 297 3982 καί
319 3916 455 4002 Δίφιλον
477 3915 511 3979 έκ
531 3921 593 3980 τῶν
614 3914 767 4000 ἀργυρέων
786 3911 943 3997 μετάλλων
968 3917 1042 3992 τοὺς
1062 3925 1262 4002 μεσοκρινεῖς,
1294 3915 1323 3980 oi
1355 3910 1418 3997 βά-

244 4001 357 4082 σταζον
376 3999 416 4065 τά
437 3996 634 4086 ὑπερκείμενα
648 3998 740 4084 βάρη,
762 3997 915 4087 ὑφελόντα
936 4005 987 4066 καί
1008 4003 1040 4077 ἐξ
1061 3999 1163 4084 αὐτῶν
1184 3998 1418 4084 πεπλουτηκότα

244 4087 331 4174 παρὰ
351 4091 426 4162 τοῦς
446 4085 569 4168 νόμους.
611 4089 663 4150 καί
688 4082 828 4150 θανάτου
857 4085 943 4163 ὄντος
964 4087 1124 4167 ἐπιτιμίου,
1150 4083 1267 4151 ἁλῶναι
1294 4086 1418 4168 ἐποίησε

244 4176 296 4238 καί
323 4169 509 4256 πεντήκοντα
536 4169 678 4259 δραχμάς
704 4173 738 4236 ἐκ
763 4178 819 4255 τῆς
845 4173 951 4248 οὐσίας
973 4170 1070 4236 αὐτοῦ
1093 4169 1212 4259 ἑκάστῳ
1239 4177 1301 4236 τῶν
1327 4177 1420 4236 πολι-

244 4264 306 4324 τῶν
327 4257 468 4338 διένειμε,
490 4264 552 4324 τῶν
573 4255 694 4322 πάντων
715 4259 930 4340 συναχθέντων
950 4254 1108 4322 ταλάντων
1129 4255 1238 4322 ἑκατὸν
1259 4254 1416 4340 ἑξήκοντα.

245 4342 308 4410 Sed
328 4343 452 4408 nonita
471 4343 651 4445 multopost
664 4341 857 4498 liggemonis
883 4344 952 4432 lege
972 4343 1091 4409 videtur
1117 4348 1231 4407 cautim
1259 4346 1344 4424 esse,
1376 4363 1416 4406 ne

246 4428 297 4514 qui
321 4426 531 4520 τὸθεωριιὸν
550 4430 713 4521 άιεροτλὶοο
732 4453 781 4496 um
800 4431 995 4518 suscepisset,
1028 4428 1118 4495 ulium
1137 4431 1293 4517 praeterea
1320 4427 1418 4514 magi-
1508 4469 1509 4522 p
