3004 5048
319 353 378 423 os
399 353 542 432 numo
563 351 750 424 comeso.
770 351 874 426 sur.
893 357 1038 435 surio.
1175 313 1262 434 'ese

97 525 261 594 verisimile
274 513 499 608 erhihorheue,
520 545 606 624 quem
616 523 788 614 Hyperides
809 528 928 610 emovit,
944 527 1066 594 eandem
1087 551 1165 615 esse,
1187 553 1261 619 quoe

97 611 262 700 Leugorae
293 611 384 676 suerit
412 611 445 674 in
475 609 605 692 deheiis,
648 611 705 674 etsi
736 610 813 674 hunc
840 617 976 698 tunquam
1006 615 1133 680 uetulum
1165 641 1262 684 eunm

97 695 252 762 Timocles
271 696 303 760 in
324 694 558 761 Oresteuteeiide
578 695 676 782 tangit
696 694 772 784 epud
794 693 904 761 Athen.
924 695 1010 764 XIII.
1029 721 1058 788 p.
1079 700 1143 766 567
1164 701 1207 766 E:

502 781 581 864 Περὶ
604 780 638 844 δὲ
657 777 711 843 τὸν
731 776 904 844 πανάθλιον

181 859 318 928 Εύδουσι
344 869 447 950 γρᾶες,
469 861 619 942 Νάννιον,
640 863 810 949 Πλαγγών,
832 863 938 942 Λύκα,

181 946 359 1027 Γνάθαινα,
384 947 506 1032 Φρύνη,
528 950 724 1032 Πυθιονίκη,
752 952 950 1036 Μυρρίνη,

181 1037 320 1119 Χρυσίς,
343 1036 510 1112 Κοναλλίς,
527 1031 686 1118 Ἱερόκλεια
692 1083 701 1111 ,
722 1031 899 1103 Λοπάδιον.

95 1117 169 1184 Alie
189 1129 237 1184 est
256 1119 434 1207 Myrrhina,
464 1141 548 1205 quem
569 1120 739 1184 Demetrius
767 1121 880 1185 urhium
909 1141 946 1186 ex
967 1128 1095 1208 ugnntor
1115 1124 1165 1210 qni
1191 1123 1263 1190 dioi-

95 1209 158 1286 tnr,
186 1206 312 1287 emerit,
341 1205 399 1270 vid.
420 1204 592 1270 Athenaeus
612 1203 696 1269 XIII.
716 1226 745 1293 p.
767 1205 830 1270 593
850 1204 891 1270 Α.
933 1141 1068 1272 deenen
1089 1207 1262 1296 Leugornm

94 1287 220 1378 Eupolis
246 1290 279 1353 in
305 1290 406 1354 eedem
433 1289 527 1354 nitere
553 1289 766 1356 fetulentiam
795 1295 931 1374 teuqnem
957 1291 1114 1356 helnonem
1133 1295 1263 1359 noterit:

94 1392 163 1438 uem
188 1374 242 1440 ille
267 1395 388 1452 versus,
440 1376 470 1438 ui
495 1375 606 1462 legitur
632 1373 709 1462 epud
730 1373 888 1440 Sohuliest.
909 1374 1119 1466 Aristophanis
1140 1377 1213 1444 Poe.
1233 1400 1263 1445 v.

96 1456 196 1524 1164:
244 1463 340 1523 tutte·
370 1395 492 1544 andhuno
513 1461 564 1523 καί
587 1465 714 1545 φιτῦσαι
734 1465 875 1544 γεννῆσαι
895 1461 948 1525 καί
973 1461 1105 1546 γέννημα
1127 1463 1262 1549 φίτυμα·

94 1539 232 1620 Εύπολις
252 1542 441 1608 Αὐτολύκου·

174 1627 270 1714 utroq
291 1608 524 1713 r'p'yayec‘nawdv
542 1651 575 1712 pe
596 1635 670 1712 φῖτυ
690 1632 752 1692 τῶν
777 1629 908 1713 βουλαί)
1136 1685 1142 1696 .

94 1717 134 1792 αλ1
146 1713 185 1778 ed
204 1713 377 1801 Leugorom
399 1713 485 1778 etad
508 1713 630 1777 alterum
650 1712 737 1776 huius
766 1713 885 1778 Iehulee
906 1715 1109 1780 recensionem
1129 1715 1264 1802 reseren-

95 1791 150 1864 dns
177 1819 246 1864 esse
272 1799 403 1863 videtur:
437 1797 542 1862 dieitur
571 1804 666 1862 eutem
687 1797 846 1884 Leugores
868 1819 975 1862 novum
996 1799 1139 1884 quoddam
1189 1821 1265 1865 euns

94 1881 183 1948 houm
204 1882 340 1949 Athenas
362 1881 536 1962 adduxisse,
563 1881 679 1965 (eodem
700 1875 822 1970 pflrsns
842 1883 928 1948 modo
949 1882 1023 1946 Anti
1043 1883 1137 1948 henes
1159 1822 1196 1949 de
1217 1906 1265 1968 eo,

76 1966 146 2053 ’δή
160 1965 604 2132 ”ittttttt'titttt
617 1904 1266 2136 hinishiiraiiiyiihiitidv‘p'm

180 2130 316 2198 Σπάνιον
338 2133 373 2199 δν
392 2134 429 2202 τὸ
447 2139 578 2220 χρῆμα.)

94 2217 173 2302 quod
199 2239 389 2306 nequaquem
407 2221 547 2286 abhorret
572 2220 609 2285 eb
630 2219 718 2284 huius
743 2221 802 2286 viri
822 2221 969 2304 moribus,
999 2243 1084 2310 quem
1104 2223 1265 2312 phasiones

95 2323 168 2369 aves
189 2305 304 2369 nutrire
325 2327 360 2370 ar
383 2306 426 2370 uit
445 2305 663 2394 Aristophanes
684 2306 717 2370 iu
735 2303 870 2370 Nubibus
892 2327 921 2372 v.
944 2309 1022 2376 109:

184 2390 251 2453 oon
273 2386 311 2454 do
330 2415 377 2472 μα
397 2391 451 2454 τὸν
466 2386 628 2468 Διόνυσον,
651 2393 677 2454 εί
697 2391 782 2473 δοίης
803 2391 839 2498 pt
856 2415 911 2473 μοι

182 2473 268 2551 Toto
288 2472 475 2560 φασιανούς,
503 2473 557 2551 ούς
578 2475 681 2562 τρέφει
702 2478 884 2560 Λεοιγορας.

94 2551 180 2623 Aves
207 2560 286 2624 euim
313 2561 426 2648 potius,
458 2582 551 2646 quem
565 2561 632 2660 eqni
657 2560 751 2624 intelli
776 2561 845 2624 endi
872 2560 1026 2642 videntur,
1060 2559 1137 2646 quod
1164 2565 1266 2624 censet

95 2642 185 2707 etiem
212 2642 397 2708 Fritzsehins
425 2644 502 2732 apud
530 2642 708 2708 Sehrllerum
738 2582 776 2708 ed
803 2643 925 2713 Siniteri
952 2645 1019 2708 lect.
1048 2665 1077 2732 p.
1100 2645 1162 2709 187
1183 2665 1266 2730 seqq.

93 2725 269 2813 Longoram
297 2736 393 2792 eutem
419 2726 555 2816 gulosum
580 2728 675 2792 inisse
702 2727 849 2792 hominem
876 2728 949 2792 setis
971 2749 1006 2792 su
1026 2749 1116 2812 erque
1137 2749 1172 2791 nr
1212 2735 1268 2792 nnt

94 2807 233 2876 Plutonis
265 2811 367 2876 comici
397 2833 504 2877 versus
534 2813 567 2876 in
594 2810 738 2876 Perinde
768 2810 845 2900 apud
870 2811 971 2879 Schol.
1024 2813 1147 2902 ristoph.
1199 2813 1267 2877 nhh.

93 2901 125 2960 t.
147 2896 228 2979 10⁹,
258 2897 308 2984 qui
328 2897 372 2962 sio
391 2897 529 2963 videntur
549 2833 721 2985 corrigend
740 2917 824 2962 esse:
1021 2905 1030 2924 ’
1074 2939 1075 2948 ι

112 3021 114 3025 ,
173 2969 216 3046 Ὦ
236 2986 301 3045 θεῖε
322 2978 563 3064 Μύρυχε,·νούν
582 2981 641 3069 γὰρ
662 2979 815 3064 εὐδαίμων
836 2978 922 3066 ίφυς,

178 3067 246 3131 Καὶ
267 3067 442 3150 Γλαυκέτης
462 3063 481 3150 ἡ
503 3071 624 3149 ψῆττα,
646 3068 697 3130 καί
718 3062 898 3152 Λεωγόρας,
1046 3073 1049 3078 ’

149 3177 152 3184 ’
185 3151 230 3216 Οἳ
246 3151 314 3234 ζῆτε
334 3157 486 3236 τερπνῶς,
508 3151 597 3217 οὐδὲν
617 3148 852 3234 ἐνθυμούμενοι.

94 3233 163 3300 Seri
184 3236 212 3301 si
232 3241 305 3301 νοῦν
323 3234 398 3322 γάρ,
420 3259 485 3302 eum
506 3237 598 3325 vnigo
618 3242 673 3302 νῦν
692 3236 751 3322 γὰρ
771 3237 937 3325 legeretur:
964 3235 1058 3300 voluit
1078 3234 1156 3300 euim
1178 3234 1267 3299 comi-
1294 3261 1296 3265 ·

96 3341 149 3386 eus
164 3257 298 3387 hominis
318 3322 465 3388 inscitiam
487 3329 574 3408 etque
595 3322 748 3387 stultitiam
769 3330 884 3404 uetere,
904 3321 1002 3406 itaque
1022 3321 1104 3385 iilum
1120 3325 1267 3382 dtee'nmn

96 3403 172 3470 dixit
191 3407 404 3492 Μονμσάαιιι,
425 3409 588 3496 respiciens
615 3414 716 3472 notum
741 3407 815 3472 illnd
841 3405 1044 3495 proverbium:
1076 3401 1268 3490 Μωρότερος

95 3488 269 3576 Μορύχου,
295 3492 402 3558 deiude
424 3513 540 3558 oensem
563 3493 734 3558 subiunxitz
776 3491 853 3556 felix
874 3491 952 3556 enim
977 3496 1097 3580 prepter
1122 3489 1267 3554 rationem

87 3583 280 3662 'mentemque
308 3577 523 3665 praedicendus
550 3599 599 3659 es,
641 3599 715 3666 ergo
749 3577 848 3642 divum
874 3582 904 3641 te
931 3597 949 3640 e
1006 3575 1063 3656 lio,
1105 3575 1147 3638 nti
1179 3574 1267 3637 istum

95 3653 284 3748 Monychum.
326 3661 376 3727 De
401 3663 460 3726 isto
489 3663 645 3751 proverbio
676 3663 715 3728 ef.
735 3662 861 3728 Photius
891 3683 921 3751 p.
942 3597 1024 3743 ddi,
1046 3661 1102 3726 10:
1145 3653 1267 3743 Μυρό-

165 3894 193 3964 ’)
211 3899 252 3950 Ita
269 3897 393 3968 eorrigo‚·
403 3895 499 3964 iegitur
514 3897 609 3965 vulgo:
627 3891 713 3969 αιἰτδιρ
729 3889 833 3966 ἤγαγες
848 3887 946 3950 καινάν
962 3897 1069 3965 φίτυμα
1086 3892 1171 3962 βοῶν.
1187 3899 1267 3964 atque

96 3959 135 4016 ita
160 3965 241 4019 etiam
264 3966 358 4022 Snidas
383 3983 406 4020 ι.
424 3984 449 4020 v.
475 3966 601 4036 φιτῦσαι,
636 3967 689 4020 nisi
711 3967 781 4034 qnod
804 3959 886 4026 κενὸν
908 3970 1044 4033 praeterea
1065 3963 1186 4028 exhibet,
1219 3963 1266 4016 sed

97 4031 246 4110 §ehohests
262 4033 380 4088 Platonis
397 4053 424 4104 p.
442 4033 508 4101 445,
524 4033 636 4088 Photius
655 4053 682 4104 p.
699 4033 764 4101 650,
781 4033 815 4088 13
832 4039 860 4086 et
875 4033 990 4098 Etymol.
1007 4031 1045 4084 M.
1063 4049 1090 4100 p.
1107 4029 1170 4084 795:
1183 4025 1265 4098 Ἀιάρ

96 4114 201 4168 ηγαγες
217 4095 316 4154 καινόν
344 4105 410 4170 φῖτυ
428 4102 483 4154 τῶν
506 4101 589 4168 βοοῖν.
623 4103 660 4156 Et
677 4106 743 4172 φῖτυ
760 4107 865 4172 praeter
881 4093 1083 4167 Aristophanem
1106 4099 1135 4152 in
1151 4099 1221 4152 Paeo
1237 4115 1264 4154 v.
1376 4105 1383 4120 ’

97 4165 167 4222 utor
182 4169 250 4222 dixit
266 4169 506 4238 etismeophueles
523 4171 593 4238 apud
610 4170 784 4226 Soholieetem
794 4168 994 4238 Aristophanis:

202 4227 267 4288 oie*
289 4233 355 4288 ἄλλο
373 4241 439 4306 φῖτυ
454 4237 561 4309 πρῷον.
1005 4303 1007 4307 Υ

97 4299 136 4354 ita
153 4303 224 4356 enim
240 4303 366 4370 emendo,
383 4305 466 4358 eiecto
483 4307 611 4360 vocabolo
628 4305 753 4375 σπέρμα,
778 4304 848 4374 quod
865 4308 906 4356 est
921 4301 1128 4374 interpretantis.
1161 4305 1192 4356 In
1209 4303 1267 4356 nu-

98 4367 193 4489 pplidis
209 4387 288 4426 versu
309 4371 394 4425 adieci
416 4378 447 4426 nt
461 4390 567 4428 versum
589 4373 794 4441 redintegrarem
816 4371 972 4444 perticulam
988 4373 1035 4442 γέ,
1061 4371 1122 4426 huie
1143 4373 1202 4426 Iooo
1218 4387 1267 4440 ep-

124 4453 240 4493 ulmam·
