3052 5060
308 367 370 436 nn
390 349 533 446 armo.
555 339 1037 458 obmurmuratione
1196 389 1258 459 ιιι

81 538 197 628 primus
217 505 293 600 haec
313 537 420 621 edidit,
446 553 507 604 nou
534 547 615 607 recte
643 551 799 632 perspecta
824 545 881 611 loci
908 553 1071 633 sententia,
1086 547 1257 643 'legendnm

78 623 214 688 censuit:
242 625 394 706 τραπίζας
414 630 618 706 τρισκελεΐςσ
645 630 837 708 εκδαμνίνας,
866 633 920 698 sed
940 644 1020 700 recte
1041 640 1182 720 μείρακες
1203 667 1257 736 pro

77 708 205 796 vulgato
232 707 341 792 μείραξ
367 710 505 774 restituit.
547 711 590 775 At
618 651 759 778 braehus
795 737 913 782 mensas
950 720 1127 788 beatissimis
1154 733 1256 819 ‚epulis
1285 713 1295 732 ⁸

76 793 200 858 abunde
228 793 388 857 cumulatas
418 815 590 884 comparans
618 815 686 884 cum*
713 800 883 888 virginibus
909 803 1150 894 lascivientibus,
1181 833 1256 902 qnae

14 897 19 959 ζ.
74 879 168 943 laetis
203 879 294 978 opalis
328 878 579 1028 circumspiciant,
623 882 717 983 solita·
738 884 860 984 audacia
892 890 990 988 statim
1022 891 1103 981 ipsas
1136 919 1255 998 mensas

71 963 1255 1156 attha}a3?thaa,itataltili?dilatastis&

72 1136 127 1222 qui
152 1155 192 1198 ex
212 1133 239 1196 P
263 1134 324 1198 tine
349 1133 487 1199 videntur
510 1136 593 1224 petiti
615 1158 699 1219 esse,
727 1140 775 1203 nbi
796 1139 905 1207 Poesis
926 1145 1116 1216 vinolentiam
1138 1151 1255 1226 Cratini

71 1153 304 1309 reprehensibns
325 1219 427 1284 vinum
449 1241 511 1284 cum
535 1221 635 1308 pulcro
657 1244 749 1312 puero
770 1227 930 1373 componit:

164 1307 236 1367 Νῦν
258 1303 286 1366 δ’
311 1301 349 1386 ἢν
370 1303 421 1390 ἴδῃ
444 1307 605 1370 Μενδαῖον
625 1303 740 1389 ἡβῶντ’
765 1308 880 1394 δρτως

168 1389 321 1464 Οίνισκον,
344 1388 445 1452 ἕπεται
468 1387 658 1455 κάκολουθεῖ
675 1395 726 1456 καὶ
748 1395 843 1478 λίγει·

168 1472 244 1553 Oi'po’
269 1469 310 1548 ὡς
332 1469 450 1548 inuida
472 1477 521 1538 καί
544 1473 663 1552 λευκάς·
686 1470 738 1560 dp'
764 1479 838 1546 otha
859 1485 949 1568 rpite,-

69 1559 139 1624 Iam
163 1559 190 1623 si
212 1557 256 1622 illi
279 1559 335 1624 dno
348 1579 454 1623 versus
475 1562 624 1648 pertinent
645 1563 682 1628 ad
702 1565 927 1654 descriptionem
949 1569 1099 1640 felicitatis
1121 1578 1250 1666 futurae,

70 1666 152 1731 qnae
173 1644 206 1706 in
227 1643 365 1731 Legibus
387 1648 684 1733 repraesentabatur,
706 1639 892 1717 scribendum
914 1655 1018 1722 fuerit:
1041 1657 1251 1744 άναμενοῦ-
1362 1672 1369 1680 ’

69 1755 145 1794 σιν.
169 1727 309 1794 Ceterum
322 1751 405 1794 usum
421 1731 504 1794 verbi
516 1739 646 1817 γαυριᾶν
657 1733 822 1821 improbant
835 1738 927 1802 Attici
943 1746 1089 1810 sermonis
1101 1751 1249 1838 magistri,

70 1836 197 1902 qnorum
219 1823 404 1903 praeceptum
425 1815 579 1904 impugnat
599 1817 801 1899 Antiatticista
821 1821 958 1890 Beklreri
980 1825 1021 1893 Τ.
1038 1829 1062 1894 Ι.
1084 1854 1113 1920 p.
1124 1836 1178 1917 87,
1192 1841 1248 1904 292

70 1903 102 1964 Γ
99 1904 232 1982 αυριᾶν·
261 1903 310 1961 καί
338 1905 429 1963 τοῦτο
457 1901 648 1986 μίμφονται·
678 1903 888 1989 Δημοσθίνης
914 1913 979 1994 περὶ
1008 1921 1064 1978 τοῦ
1086 1919 1249 2003 στεφάνου,

69 1984 247 2068 Εὐριπίδης
268 1981 416 2066 Βάκχαις.
458 1985 542 2050 Inter
568 1987 697 2051 maxima
724 1999 821 2055 autem
847 1993 964 2058 futurae
990 1997 1070 2064 illius
1095 2003 1247 2074 felicitatis

13 2066 16 2140 ἶ
70 2069 226 2135 commoda
252 2077 339 2158 poeta
366 2090 419 2133 suo
440 2070 505 2134 iure
532 2071 641 2136 lautum
664 2076 829 2140 convivium
859 2080 975 2164 retulit,
997 2087 1133 2170 qnoniam
1149 2091 1248 2160 'Attici

70 2176 256 2243 magnopere
283 2155 437 2240 exquisitis
466 2156 560 2244 epulis
587 2166 618 2222 et
645 2158 717 2222 cibis
740 2161 986 2230 delectabanturz·
1006 2191 1069 2236 cnm
1091 2172 1247 2247 Bacchicis

71 2250 171 2304 autem
198 2239 293 2304 sacris
323 2241 458 2325 quoniam
485 2261 595 2306 coenae
623 2250 653 2307 et
674 2239 777 2333 epulae
798 2247 1055 2397 splendidissimae
1076 2261 1248 2332 coniunctae

17 2323 18 2356 ³
72 2331 173 2406 erant,
200 2333 357 2414 propterea
384 2325 470 2390 etiam
504 2328 535 2391 in
563 2329 682 2414 antiqua
710 2351 809 2396 eomoe
830 2333 859 2397 ia
883 2336 1010 2424 plurima
1030 2342 1247 2417 exhibebantur
1280 2375 1283 2384 ·

72 2409 224 2475 convivia:
250 2419 386 2522 rectopue
407 2411 587 2502 Plutarchus
608 2415 639 2477 in
660 2415 723 2479 vita
744 2417 865 2483 Luculli
886 2443 911 2485 c.
932 2423 975 2488 39
997 2423 1081 2492 dicit:
1101 2427 1187 2496 Ἔστι
1208 2434 1242 2499 δ’
1283 2513 1285 2518 Ι

72 2487 127 2558 οὖν
148 2501 205 2558 τοῦ
220 2497 426 2560 Λουκουλλου
442 2499 530 2576 βίου,
553 2494 695 2586 καθάπερ
717 2500 849 2584 ἀρχαίας
869 2509 1050 2591 κωμῳδίας,
1072 2511 1245 2599 ἀναγνῶναι

14 2594 20 2626 '—
70 2581 109 2644 τοὶ
132 2581 190 2659 μὲν
211 2586 318 2664 πρῶτα
341 2584 493 2645 πολιτείαν
519 2587 569 2646 καί
592 2589 790 2668 στρατηγίας,
821 2589 860 2652 τά
882 2591 912 2654 δ’
936 2592 1049 2676 ὕστερα
1078 2595 1172 2666 πάτον
1191 2608 1244 2670 aul

11 2662 14 2671 ¹
72 2669 178 2730 δεῖπνα
194 2669 244 2728 καὶ
266 2669 428 2747 μονονουχὶ
452 2664 574 2748 κώμους
595 2674 645 2732 καί
666 2669 833 2752 λαμπάδας
853 2679 903 2738 καὶ
921 2680 1045 2743 παιδιάν
1066 2679 1200 2756 ἅπασαν.

162 2754 283 2818 Ulia-ee
294 2750 411 2818 Cratini
423 2752 518 2816 forma
539 2753 655 2838 quidem
677 2763 842 2822 eterterna
864 2764 972 2848 specio,
994 2783 1055 2830 non
1077 2775 1175 2836 tamen
1195 2775 1243 2840 in-

73 2835 163 2924 genio
176 2845 206 2900 et
217 2838 395 2926 propositos
409 2837 515 2900 ceteris
529 2838 616 2902 huius
637 2848 742 2927 poetae
754 2843 863 2908 sabulis
875 2847 1065 2915 abhorruisse
1086 2855 1240 2929 videntur:

73 2922 108 2985 ad
132 2922 208 2986 banc
229 2923 342 2986 formae
373 2919 572 2987 diversitatem
598 2924 670 2990 illud
692 2926 881 2994 referendum
903 2939 963 3015 est,
990 2936 1066 3020 quod
1086 2936 1242 3012 Platonias

71 3027 99 3094 p.
120 3005 197 3074 Vlll
219 3006 289 3071 dicit
314 3028 405 3096 proe
434 3007 575 3072 accedere
603 3009 641 3075 ad
668 3011 889 3078 similitudinem
916 3015 1030 3084 mediae
1058 3029 1240 3111 comoediae3

74 3099 101 3154 et
121 3099 201 3156 recte
233 3092 284 3156 ille
311 3029 426 3176 quiciem
453 3094 495 3157 ita
516 3094 633 3178 statuit,
675 3097 746 3161 dicit
767 3111 878 3181 autem,
900 3101 950 3166 ubi
972 3105 1009 3168 de
1029 3103 1241 3198 Aristophanis

73 3176 269 3242 Aeolosicone
296 3178 431 3242 disserit:
474 3179 599 3242 Σκοποῦ
620 3179 679 3266 γάρ
708 3179 794 3258 ὄντος
815 3191 852 3270 τῇ
875 3185 990 3278 άρχαίρι
1016 3198 1163 3286 κωμῳδία
1183 3205 1239 3265 τοῦ

75 3259 219 3325 σκώπτειν
240 3258 357 3344 δήμους
384 3267 434 3326 καὶ
461 3264 607 3340 δικαστάς
628 3269 678 3330 καὶ
700 3269 903 3353 στρατηγούς,
926 3277 1031 3356 παρεὶς
1053 3273 1243 3368 ὁἈριστο-

77 3344 170 3430 φάνης
196 3345 233 3411 τὸ
260 3345 403 3429 συνήθως
429 3347 618 3432 inconmoda
648 3351 699 3416 dmi
726 3352 781 3418 τὸν
806 3357 903 3420 noddo
934 3358 1035 3445 φόβον
1059 3366 1179 3434 Αἴολον
1203 3371 1240 3436 rb

75 3431 176 3512 δρᾶμα
198 3431 233 3494 τὸ
254 3433 372 3518 γραφὲν
392 3441 457 3508 τοῖς
485 3439 656 3522 τραγῳδοῖς
685 3434 727 3512 ὡς
748 3449 849 3516 κακῶς
876 3441 943 3524 ἕχον
971 3445 1116 3536 διασύρει.
1164 3459 1239 3520 Τοι-

74 3524 159 3592 οῦτος
183 3507 237 3580 οὖν
258 3520 339 3580 ε’στιν
361 3515 376 3581 ὃ
398 3525 452 3600 τῆς
472 3522 568 3602 μίοης
589 3525 751 3608 κωμῳδίας
772 3524 882 3604 τάπος,
905 3525 968 3606 οἷός
989 3533 1071 3599 ἔστιν
1091 3533 1241 3607 ὃΑίολο-

73 3605 161 3665 οίκων
183 3599 425 3688 Ἀριστοφάνους
451 3605 501 3666 καί
531 3605 559 3670 oi
575 3605 733 3683 Ὀδοσοεῖς
760 3613 918 3694 Κρατίνου
932 3621 995 3688 ,καί
1025 3625 1150 3686 πλεῖστα
1176 3629 1239 3690 τῶν

74 3692 210 3750 παλαιῶν
237 3684 416 3774 δραμάτων,
445 3686 514 3754 orias
542 3692 653 3776 χορικά
681 3691 750 3757 οὕτε
777 3697 967 3780 παραβάσεις
993 3701 1110 3786 ἔχοντα.
1152 3709 1242 3776 Haec

75 3779 203 3836 extrema
230 3773 390 3838 cavendum
417 3781 477 3856 est,
508 3797 547 3840 ne
569 3798 654 3842 secus
679 3780 921 3868 interpretemur:
953 3809 1048 3875 neque
1075 3792 1153 3858 enim
1180 3795 1237 3860 hoc

73 3856 138 3921 dicit
164 3857 321 3924 Platonias
352 3861 509 3949 plerasque
535 3863 671 3948 antiquae
703 3868 870 3932 comoediae
894 3871 1018 3938 fabulas
1049 3882 1079 3940 et
1110 3877 1238 3944 charitis

72 3943 247 4008 carminibus
274 3956 303 4008 et
343 3947 461 4010 arabasi
487 3967 620 4030 carere,
636 3949 666 4012 id
693 3951 770 4034 quod
796 3961 877 4018 esset
903 3957 1029 4024 absurde
1056 3963 1236 4048 mentientis,

72 4029 120 4094 sod
162 4028 297 4114 lerasque
318 3965 434 4096 laboras
457 4033 593 4116 antiquae
614 4035 790 4118 comoediae,
812 4041 945 4122 quaebis
958 4045 1090 4108 candbns
1113 4047 1236 4115 choriet
1304 4127 1306 4134 Α

70 4051 205 4201 parabasi
226 4114 381 4180 destitutae
403 4117 472 4199 sint,
495 4117 617 4182 eandem
639 4119 765 4208 speciem
787 4124 902 4190 referre
923 4135 1008 4213 atque
1023 4128 1234 4223 Aristophanis

70 4197 295 4264 Aeolosiconem
322 4209 352 4265 et
380 4199 495 4274 Cratini
518 4201 641 4270 Ulixes:
684 4205 759 4273 nihil
786 4208 865 4274 aliud
891 4211 984 4300 igitur
1012 4215 1120 4298 refert,
1146 4239 1234 4306 quam

68 4283 166 4370 plures
195 4285 281 4349 etiam
313 4286 479 4353 huiusmodi
505 4289 621 4355 fabulas
648 4290 680 4374 iu
701 4291 820 4377 antiqua
846 4297 995 4362 comoedia
1020 4304 1160 4400 reperiri,
1202 4305 1242 4372 id

16 4379 17 4396 ¹
69 4370 142 4452 qnod
163 4391 268 4434 verum
289 4389 357 4435 esse
378 4373 457 4436 satis
472 4395 617 4462 superque
639 4375 744 4440 docent
765 4381 938 4446 conricorum
959 4383 1110 4469 reliquiae.
1132 4388 1233 4456 Metus

69 4471 138 4520 vero
160 4461 191 4520 tt
208 4456 351 4538 formido,
371 4477 428 4544 qua
442 4457 673 4548 Aristophanem
695 4470 866 4530 commotum
886 4485 957 4532 essa
972 4467 1130 4540 Plutonius
1152 4475 1240 4558 dicit,

923 4757 985 4868 ,ι
