3052 5060
333 355 393 422 DE
413 351 559 430 Remo.
579 349 768 424 OOMOED.
791 347 899 423 A'r‘l'.
918 351 1067 430 ANTIQ.
1217 351 1281 422 175

39 533 42 539 “
106 545 233 607 censeo,
253 543 316 590 non
335 525 373 590 ab
393 523 455 590 illis
474 525 565 592 rebus
585 521 736 606 advenis,
757 521 885 608 quaein
906 521 971 588 eius
993 522 1092 588 nnimc
1111 521 1281 673 opirqionem

106 612 145 677 de
166 610 267 676 divina
307 609 473 676 :evidentia
493 609 721 674 labefactavisse
741 607 911 688 traduntur3
932 606 993 672 vid.
1009 605 1111 674 Schol.
1172 609 1279 698 ‘stoph

105 695 187 762 Nub.
207 717 237 760 v.
260 632 326 760 tlt)
351 695 401 782 qui
428 694 513 759 dicit:
556 689 717 780 Διαγόρας
738 689 755 756 ὃ
777 691 921 774 Μήλιος,
942 689 977 769 ὃς
1003 691 1040 757 τὸ
1068 689 1216 779 πρότερον
1241 685 1280 776 ἦν

104 777 275 864 θεοσεβής,
303 776 573 862 παρακαταθήκην
597 775 659 844 tut
679 801 763 854 τινος
788 777 1012 862 ἀποστερηθεὶς
1042 779 1090 842 ἐπὶ
1123 777 1160 844 τὸ
1185 777 1282 845 ἄθεοι

105 865 287 950 ἔξέδραμευι
309 872 340 930 et
355 864 465 932 Snidas
487 863 566 932 'M
587 865 693 954 poto
712 863 808 931 infra:
825 859 999 946 Ἓπικλήθή
1021 863 1055 928 δὲ
1075 859 1181 942 ἄθεος,
1202 861 1282 930 διότι

105 955 200 1016 τοῦτο
231 946 383 1030 ἐδόξαζεν,
411 949 470 1037 ἀφ’
502 939 540 1014 οὗ
562 973 610 1026 τις
641 946 806 1032 ὁμότεχνος
836 949 989 1026 αλιιαθιλς
1018 944 1075 1012 ὑπ’
1105 948 1202 1014 αὐτοῦ
1238 947 1282 1030 ὡς

105 1041 224 1102 παιᾶνα
241 1033 446 1122 ἀφελόμενος,
468 1032 503 1100 tv
519 1031 614 1112 αὐτός
635 1031 815 1118 ἐπεποιήκει,
836 1031 1014 1116 ἐξωμόσατο
1035 1031 1080 1117 μή
1101 1035 1282 1121 κεκλοφέναι

104 1126 226 1200 τοῦτον,
247 1119 358 1227 μικρὸν
379 1121 413 1190 di
433 1118 562 1205 ὕστερον
582 1116 806 1199 ἐπιδειξόμενος
828 1117 922 1184 αὐτὸν
944 1117 1150 1204 αλημόρηοιν·
1179 1122 1281 1186 inrd-

105 1212 165 1272 θεν
186 1205 375 1292 ὃΔιαγορας
396 1209 546 1289 λυπηθεὶς
567 1203 768 1292 ἴγραψττούς
789 1204 997 1286 καλουμένους
1017 1204 1282 1289 ἀποπυργίζουτας

106 1290 225 1376 λόγους.
267 1289 379 1360 Verum
399 1291 474 1358 haec
500 1293 566 1356 sive
587 1292 655 1356 ficte
681 1295 771 1372 sunt',
792 1289 858 1355 sivo
878 1291 920 1355 ita
941 1298 973 1354 ut
990 1299 1094 1391 gesta,
1120 1293 1280 1360 memoriae

126 1377 233 1460 redita,
256 1377 312 1441 etsi
324 1397 384 1442 non
406 1376 557 1442 continent
568 1376 737 1465 primarium
750 1376 838 1442 boios
858 1376 1017 1464 impietatis
1029 1397 1159 1459 cansam,
1181 1385 1281 1444 tumen

104 1399 280 1536 όοοοοιυαιο
301 1469 382 1612 eamq
402 1462 497 1564 qualis
518 1461 609 1527 luerit
619 1461 774 1551 Diagorae
790 1461 914 1526 animus.
935 1461 1013 1526 Nam
1030 1469 1209 1551 quantopere
1229 1463 1282 1530 ille

105 1549 276 1614 reverentia
297 1555 371 1616 ctre
384 1547 485 1636 igione
498 1547 618 1612 deornm
633 1548 771 1628 carnmit,
792 1546 845 1612 illa
865 1567 922 1632 quo
943 1567 979 1610 uc
999 1547 1092 1634 ipsius
1106 1569 1165 1612 vox
1186 1547 1282 1632 docet,

106 1634 189 1700 cuius
201 1633 370 1698 memoriam
382 1633 513 1698 servavit
523 1631 630 1698 Cicero
642 1631 679 1697 de
690 1631 807 1696 Natura
817 1631 909 1696 Deor.
968 1633 1033 1698 .37:
1051 1633 1281 1722 „AtDiagnras

105 1739 171 1786 oum
193 1715 426 1783 Samothraciam
447 1719 582 1784 venisset
601 1715 697 1793 ἄθεος
716 1717 769 1782 ille
790 1717 839 1803 qni
861 1715 982 1798 dicitur,
1004 1727 1091 1804 atque
1112 1717 1141 1782 ei
1183 1719 1280 1785 nidum

106 1805 232 1880 amicus,
255 1802 318 1886 Tu,
340 1804 389 1889 qni
411 1803 484 1868 deos
501 1811 587 1892 putas
608 1803 737 1868 humana
757 1802 927 1901 negligere,
947 1822 1048 1867 nonne
1069 1740 1280 1870 animadvertis

106 1911 146 1953 ex
167 1897 211 1954 tot
236 1887 355 1954 tabellis
374 1889 477 1978 piatio,
499 1909 584 1973 qnam
615 1888 699 1952 multi
726 1888 802 1952 votis
823 1909 883 1951 vim
908 1889 1090 1992 tempestatis
1117 1887 1282 1978 effugerint

104 1973 138 2042 in
159 1979 331 2077 portumque
352 1973 655 2122 salvipervenerintt
697 1972 744 2038 ltu
766 1973 813 2055 lit,
832 1973 944 2058 inquit:
970 1973 1015 2040 rlli
1037 1974 1115 2038 enim
1137 1993 1280 2060 nosquam

104 2061 176 2150 picta
198 2066 282 2141 snnt,
304 2060 353 2144 qui
374 2081 433 2123 nan
448 2059 565 2146 raginrn
586 2059 723 2122 lecerunt
742 2058 775 2122 in
796 2058 927 2144 marique
947 2059 1109 2148 perierunt.
1139 2058 1280 2148 Idemque

106 2167 171 2210 cum
198 2143 227 2208 ei
248 2145 404 2231 naviganti
426 2153 577 2224 vectores,
599 2143 726 2208 adversa
752 2150 924 2232 tempestate
950 2145 1044 2210 timidi
1073 2165 1108 2210 ac
1128 2146 1280 2233 perterriti

105 2231 248 2310 dicerent,
270 2250 331 2294 non
351 2229 461 2294 iniuria
476 2228 535 2293 sibi
555 2227 629 2294 illud
650 2229 795 2310 accidere,
816 2228 865 2314 qui
886 2228 968 2296 illum
989 2231 1021 2294 in
1036 2230 1161 2296 eandem
1173 2251 1280 2296 navem

104 2315 302 2404 recepissent:
335 2314 466 2380 ostendit
492 2315 536 2379 eis
563 2314 594 2380 in
617 2313 720 2380 eodem
746 2333 835 2378 curen
863 2315 971 2380 multas
999 2315 1074 2380 alias
1097 2313 1278 2400 laborantes,

4 2434 6 2457 ι
104 2401 314 2553 ήραοοίιίῐραο,
333 2419 403 2464 num
424 2401 512 2500 etipm
533 2399 567 2500 iq
592 2399 631 2464 iic
653 2399 778 2465 navibus
800 2399 840 2464 ni
937 2422 965 2465 m
985 2401 1056 2466 vehi
1077 2401 1279 2468 crederentl“

125 2485 1280 2659 eqffirsqqqnqqnnqulpqpprtiunpcpppqiecqqppquqqedivesqomqoquqql'qqnappnqxloppt:

103 2593 245 2725 lacillime
267 2656 431 2745 optimeque
470 2677 526 2720 nae
545 2656 613 2741 quis
626 2656 725 2744 egerit
744 2656 912 2722 senseritve
932 2658 1106 2745 perspicias,
1127 2657 1182 2722 scd
1202 2658 1280 2724 ratic
1367 2663 1373 2680 ‘

105 2744 195 2809 etiam
222 2741 358 2808 habenda
381 2747 431 2806 est
451 2677 609 2822 dictorum,
653 2761 729 2824 quac
755 2741 963 2830 propemodum
989 2742 1082 2808 invito
1110 2745 1281 2830 praesentia

104 2827 154 2892 vel
174 2827 325 2915 inopinato
352 2826 467 2890 oblatae
489 2847 575 2890 casus
597 2831 771 2911 extorquet:
804 2827 878 2891 haec
898 2826 976 2892 enim
1004 2825 1081 2892 dicta
1101 2847 1166 2892 cun
1188 2847 1279 2916 saepe

105 2913 276 2980 nolentibus
297 2911 478 2993 exciderint,
505 2912 732 2998 necquicquam
754 2911 795 2976 sit
815 2911 897 2978 loom
918 2911 1098 2976 simulationi
1119 2918 1169 2976 ant
1190 2912 1280 2978 dissi·

106 2995 271 3078 mnlationi,
292 2996 461 3062 testimonia
480 2996 676 3086 integerrima
692 2997 805 3082 lideqoc
827 2997 1004 3086 dignissima
1024 2996 1175 3062 censenda
1195 3007 1278 3064 sunt:

106 3105 163 3149 nec
183 3083 269 3148 hon:
289 3083 345 3146 hoc
364 3089 498 3162 veteres3
519 3083 619 3170 itaque
639 3103 736 3148 rerum
759 3091 910 3169 gestarum
931 3084 1091 3171 scriptores
1101 3103 1162 3148 non
1183 3085 1278 3150 solnm

105 3171 185 3234 lacta
198 3169 326 3235 virorum
348 3168 494 3232 clarorum
534 3165 716 3249 rodidernnt,
738 3167 792 3232 sed
813 3166 1015 3254 dictaquoqne
1037 3187 1181 3254 vocesque
1202 3170 1280 3236 litte·

106 3255 158 3320 ris'
173 3254 443 3341 consignaverunt,
469 3189 573 3339 quibas
593 3275 692 3317 rerum
714 3260 865 3340 gestarum
893 3254 1064 3318 memoriam
1084 3253 1279 3324 illustrarent.

106 3340 264 3428 Diagorae
294 3349 391 3404 notem
417 3337 544 3404 animum
574 3338 693 3404 deornm
716 3347 923 3404 contemtorem
952 3337 1047 3402 fnisse
1068 3339 1169 3428 arguit
1190 3343 1279 3410 etiam

105 3425 161 3490 illa
181 3426 250 3490 licta
263 3424 406 3490 ramae
432 3425 564 3493 narratio
586 3423 623 3488 de
645 3421 786 3491 Herculis
808 3423 966 3488 simulacro
996 3423 1116 3512 ligneo,
1143 3425 1219 3511 quod
1246 3427 1279 3492 in

105 3512 208 3599 ignem
225 3509 366 3590 coniecit,
387 3531 455 3592 age
476 3517 544 3574 tam
565 3515 869 3574 metumleetm
890 3524 1069 3592 certamen,
1090 3511 1121 3574 in
1143 3509 1195 3593 nit,
1216 3515 1279 3575 tibi

107 3601 354 3660 exanthum
376 3609 436 3657 en.
457 3592 517 3659 vid.
540 3592 634 3660 Clcm.
656 3595 770 3660 adhort.
793 3594 839 3660 ad.
862 3593 950 3660 Gcnt.
972 3617 1000 3684 p.
1016 3598 1063 3662 15.
1084 3531 1186 3661 Solet.
1207 3595 1280 3661 Afi-

18 3746 21 3759 ,
107 3682 204 3772 steph.
225 3679 305 3748 Nnb.
327 3701 356 3744 v.
377 3679 451 3745 82st
493 3678 596 3764 ltaque
628 3701 689 3744 non
714 3682 820 3746 mirum
847 3688 908 3762 est,
942 3681 969 3745 si
994 3679 1214 3763 Athenienses,
1246 3682 1279 3748 in

128 3767 231 3832 uorum
248 3765 369 3830 animis
401 3764 490 3829 etiam
523 3773 607 3847 tunc,
650 3787 715 3830 cum
742 3788 759 3830 a
786 3767 927 3830 nemorum
962 3787 1043 3831 more
1072 3774 1102 3830 et
1133 3767 1279 3856 probitate

17 3897 19 3930 ξ
108 3789 315 3932 descivissent,
338 3850 436 3935 aliqua
456 3850 549 3916 divini
570 3850 699 3914 numinis
719 3853 887 3918 reverentia
907 3859 993 3938 atque
1013 3851 1121 3939 religio
1142 3853 1281 3918 inbuere·

18 3941 19 4011 }
107 3937 174 4018 bat,
197 3944 285 4000 tanto
299 3935 397 4000 smdio
417 3935 478 3999 Dia
537 3957 583 4000 am
605 3936 714 4000 linibus
741 3937 803 4002 suis
825 3937 1102 4002 exterminaverint:
1145 3945 1279 4005 auctores

107 4029 206 4088 autem
228 4021 312 4090 exilii
333 4021 462 4086 maxime
497 4027 603 4086 nernnt
619 4039 718 4085 rernm
740 4043 890 4087 sacrarum
912 4023 1076 4106 antistites,
1095 4023 1153 4088 vid.
1172 4023 1280 4090 lanan

109 4105 163 4172 Or.
185 4105 240 4175 Vl.
261 4127 290 4194 p.
313 4106 390 4172 tto:
432 4102 576 4196 Διαγόρᾳ
612 4109 689 4192 φασὶ
721 4112 766 4194 τῷ
808 4109 1049 4192 :excanduerat
1075 4107 1131 4186 :alc
1157 4107 1279 4186 τελετάς
1349 4162 1353 4167 .

109 4187 294 4274 πανηγύρεις
313 4213 345 4256 τε
366 4189 439 4277 παρ’
464 4191 570 4269 αὐτοῖς
595 4195 647 4256 καλ
666 4189 822 4277 μυστήρια
842 4201 990 4262 τοσοῦτον
1011 4196 1186 4274 :nappaeae
1206 4195 1281 4272 τούς

109 4273 729 4452 :ttttttwt.l⁰t.tt
745 4275 1279 4455 ltttlttttablttlttt
1324 4287 1327 4294 ’

112 4449 263 4516 commode
290 4472 330 4515 ex
356 4449 421 4539 ipso
447 4451 651 4540 Aristophane
666 4385 840 4537 conlidero,
867 4451 917 4538 qun'
940 4447 975 4516 in
999 4448 1116 4516 Avibus
1144 4471 1176 4518 r.
1194 4451 1278 4518 ron
