3004 5048
303 297 364 369 mr
385 295 738 378 annm.oououn.
757 299 864 373 orn.
883 299 1028 379 ormo.
1189 305 1255 372 aar
1387 399 1392 403 η

89 465 279 536 mamonae
299 467 417 536 uidetur
437 467 603 554 eloquentia
621 475 654 533 et
674 467 711 534 ab
731 467 817 535 initio
841 469 903 535 reis
921 467 1116 538 defendendis
1135 489 1256 560 operam

90 551 226 636 dedisse,
255 553 283 618 si
303 553 416 639 quidem
438 553 514 618 idem
537 559 599 635 est,
627 573 711 639 quem
732 551 870 619 Socrates
891 553 1010 621 Critoni
1028 555 1141 620 homini
1161 555 1256 638 diviti,

89 638 144 704 sed
169 637 344 720 subtimido‚
386 639 479 724 obque
504 635 536 704 id
567 639 661 727 ipsum
689 660 708 702 a
734 638 972 704 calumniatorum
999 639 1112 706 malitia
1137 639 1258 706 multum

89 729 198 788 uexato
227 722 455 805 commendarit,
487 722 569 788 caios
590 743 608 786 o
628 745 681 786 era
706 723 779 788 istos
805 722 939 789 homines
966 744 1039 790 ase
1059 731 1188 789 arceret:
1219 724 1257 790 de

90 827 146 892 quo
166 806 335 896 Xenophon
355 807 387 871 in
408 805 594 872 Memorabil.
647 807 717 874 .ll.
738 807 776 889 9,
796 805 819 874 4
839 809 912 872 haec
933 806 1023 874 dicit:
1043 809 1110 873 Kal
1130 809 1165 872 ln
1185 804 1259 874 aod-

88 913 151 956 τονν
171 888 400 977 ἀνευρίσκουσιν
414 887 619 976 Ἀρ,ίδημον,
643 888 724 956 πάνυ
743 891 800 971 μὲν
820 891 924 957 ἱκανόν
944 895 1034 957 εἰπεῖν
1054 917 1086 958 τε
1106 894 1157 956 καί
1178 898 1259 977 πρᾶ-

89 977 159 1053 ξαι,
201 976 318 1060 πίνητα
338 975 394 1042 ,δί’
438 916 489 1042 oi
500 976 559 1062 γὰρ
580 969 618 1061 ήν
644 972 709 1053 οἶος
735 973 796 1040 ἀπὸ
817 975 931 1054 παντὸς
958 977 1137 1063 κερδαίνειν,
1179 975 1259 1042 ἀλλὰ

89 1056 297 1146 φιλόχρηστός
316 1083 349 1126 τε
370 1063 422 1126 καί
442 1057 642 1148 εὐφυέστερος
663 1058 777 1126 deant
798 1065 858 1126 τῶν
868 1067 1069 1150 συκοφαντῶν
1082 1057 1258 1145 λαμβάνειν.
1321 1113 1328 1134 „

91 1141 204 1232 Τούτῳ
225 1140 282 1212 odo
303 1143 319 1210 d
341 1148 466 1232 Κρίτων
487 1152 517 1210 et
537 1168 610 1232 quae
632 1167 693 1234 seq.
736 1144 804 1211 llae
824 1146 928 1213 landes
954 1147 1086 1236 profecto
1106 1163 1168 1212 non
1188 1167 1258 1213 con·

87 1230 213 1294 veniunt
233 1253 297 1296 eum
319 1231 357 1296 iis
380 1231 569 1314 criminibus,
591 1252 665 1316 quae
687 1231 715 1296 ei
736 1231 786 1295 alii
807 1231 961 1297 obiiciente
982 1231 1036 1298 sed
1056 1231 1109 1298 illo
1129 1237 1259 1322 tompore

87 1313 218 1380 Athenis
250 1315 283 1381 in
313 1321 394 1382 tanta
420 1315 544 1406 partium
574 1315 670 1382 studio
692 1337 750 1380 non
777 1337 847 1382 raro
875 1316 1017 1382 accidisse
1036 1316 1186 1398 videmus,
1227 1322 1261 1380 nt

88 1399 137 1484 qui
164 1401 201 1465 ab
234 1401 301 1466 aliis
328 1397 361 1466 in
387 1401 498 1466 coelum
526 1421 619 1486 usque
645 1400 779 1466 laudibus
807 1399 976 1484 tolleretur,
1017 1399 1096 1466 idem
1127 1399 1164 1466 ab
1192 1399 1259 1464 aliis

87 1485 185 1550 omnis
208 1486 331 1574 generis
352 1485 514 1551 maledictis
535 1485 783 1576 proscinderetur.
816 1483 874 1549 Hic
895 1507 960 1551 cum
981 1484 1020 1551 nd
1040 1485 1187 1550 civitatem
1207 1484 1260 1550 ad·

86 1569 314 1636 ministrandam
345 1571 539 1652 accessisset,
581 1591 718 1658 magnam
751 1571 903 1658 pecuniam
934 1569 1080 1658 publicam
1106 1568 1259 1678 surripuit,

88 1653 164 1737 quod
186 1653 304 1742 Lysias
324 1655 355 1720 ei
374 1657 537 1744 exprobrat
560 1653 594 1718 in
615 1653 749 1718 oratione
770 1654 800 1717 in
825 1653 1008 1720 Alcibiadem
1029 1676 1054 1719 c.
1075 1655 1133 1721 25:
1160 1657 1261 1730 Ουτος

87 1736 147 1824 γὰρ
177 1749 251 1816 παῖς
276 1739 332 1821 μὲν
356 1737 401 1804 ὧν
426 1738 503 1824 παρ’
523 1732 698 1825 Ἀρχεδήμῳ
725 1741 770 1824 spi
795 1733 958 1816 Γλιίμοονι,
998 1736 1057 1802 οὐκ
1084 1735 1171 1822 όλίγα
1198 1743 1262 1803 τῶν

88 1819 245 1908 όμετίρων
274 1820 485 1910 ὑφῃρημένῳ,
527 1825 649 1888 πολλῶν
684 1817 825 1907 ὁρώντων
853 1819 972 1899 intres,
1014 1818 1075 1886 dno
1101 1828 1144 1910 τῷ
1175 1821 1261 1911 edroi

87 1904 248 1992 στρώμασι
274 1909 502 1990 κατακείμενος,
526 1903 663 1987 ίκιόμαζε
683 1907 718 1971 δὲ
737 1902 814 1989 μεθ’
838 1903 970 1992 ήμίραν,
996 1903 1112 1989 ἄνηβος
1137 1905 1263 1992 ἑταίραν

89 1985 181 2072 ἔχων,
223 1989 411 2074 μεριούμενος
443 1990 517 2068 roric
549 1989 663 2056 ἑαυτοῦ
702 1987 882 2078 προγόνους,
925 1993 976 2056 καί
1008 1987 1174 2104 ήγοόμενος
1204 1991 1262 2054 oda

88 2071 323 2156 λεαίνεσθαι,
352 2073 556 2162 πρεσβύτερος
575 2073 636 2160 ὤν,
666 2074 808 2162 λαμπρός
828 2076 984 2160 γενέσθαι,
1011 2099 1038 2140 ει
1058 2074 1103 2162 μή
1123 2075 1190 2150 νίος
1209 2071 1262 2152 ciro,
1337 2115 1338 2118 =

89 2157 300 2248 πονηρότατος
321 2157 433 2238 δόξειεν
454 2158 539 2226 είναι.
560 2161 638 2226 unde
658 2161 746 2226 etiam
768 2161 798 2226 id
820 2182 854 2226 co
899 2161 1025 2226 oscimus
1045 2159 1263 2226 Archedemum

89 2242 169 2308 hunc
190 2253 350 2312 amatorem
370 2243 650 2312 foisse'Alcibiadis
672 2245 807 2312 iunioris.
868 2247 1069 2311 otentissimus
1092 2252 1187 2310 antem
1206 2245 1263 2310 fuit

88 2323 122 2391 iu
145 2330 274 2415 civitate,
295 2335 449 2418 antequam
464 2331 627 2396 dominatus
649 2332 774 2420 triginta
794 2332 923 2397 virorum
945 2332 1182 2414 constitueretur,
1201 2329 1262 2395 vid.

87 2409 194 2480 Aristo
214 2415 308 2482 hanes
329 2415 362 2480 in
382 2415 479 2480 Ranis
500 2436 529 2482 u.
546 2413 626 2482 423:

208 2503 255 2564 vri
277 2501 311 2565 δὲ
332 2502 511 2586 δημαγωγεῖ

147 2585 224 2663 ,Ἔν
243 2594 308 2662 τοῖς
329 2582 393 2650 ι’ίνω
419 2593 576 2670 νεκροῖσιν,

178 2667 299 2734 ildonea
318 2669 358 2733 td
379 2674 487 2754 erpoino
508 2673 564 2764 τῆς
590 2667 653 2731 ἐκεῖ
668 2666 856 2750 μοχθηρίας.

89 2765 173 2834 Idem
199 2769 272 2852 fuit,
314 2770 451 2920 quikpost
474 2775 606 2870 pugnam
627 2765 665 2830 ad
684 2765 861 2852 Arginusas.
884 2766 1032 2831 accusavit
1056 2763 1260 2846 Erasinidem‚

90 2853 152 2918 vid.
173 2851 340 2942 Xenophon
394 2853 519 2918 ellenlca
538 2851 563 2918 Ι.
585 2853 617 2935 7,
638 2853 673 2915 ²:
700 2847 901 2934 Ἀρχίδημος,
923 2845 991 2914 τότε
1012 2847 1205 2936 προεστηκὼς
1231 2851 1264 2913 ἐν

87 2935 249 3022 Ἀθήναις,
293 2941 343 3005 καί
369 2943 425 3048 τής
450 2936 611 3012 Δεκελείας
640 2931 888 3016 ἐπιμελούμενος,
917 2931 1092 3020 Ἐρασινίδῃ
1118 2933 1263 3016 ἐπιβολήν

93 3021 264 3104 ἐπιβαλών,
292 3048 450 3109 κατηγορει
472 3024 504 3088 ἐν
525 3022 725 3106 δικαστηρίῳ,
746 3018 873 3105 φάσκων
894 3018 927 3096 ἔξ
941 3015 1166 3102 Ἑλλησπόντου
1187 3015 1264 3100 ἔχειν

92 3106 257 3196 χρήματα,
286 3105 360 3174 dno
380 3113 436 3173 τοῦ
458 3103 573 3192 δήμου·
602 3100 759 3190 κατηγόρει
782 3106 815 3170 δὲ
836 3105 887 3169 καί
907 3106 976 3192 περί
996 3111 1050 3190 τῆς
1069 3108 1263 3190 στρατηγίας.

176 3245 255 3312 lllud
282 3264 394 3329 quoque
420 3243 551 3331 apprime
579 3241 731 3321 convenit,
765 3239 840 3326 quod
868 3239 991 3328 Eupolis
1017 3243 1049 3304 in
1076 3239 1132 3306 hac
1162 3238 1266 3304 fabola

91 3329 259 3396 Phaeacem
281 3327 532 3407 commemoravit,
552 3323 612 3392 uid.
631 3323 805 3390 Athenaeus
826 3323 881 3389 ΙΠ.
903 3347 931 3412 p.
955 3325 1018 3391 106
1038 3324 1080 3390 B:
1124 3325 1263 3409 Καρίδας

92 3415 341 3495 συνεσταλμένως
360 3411 475 3498 εἴρηκεν
496 3410 629 3486 Εὔπολις
650 3411 681 3473 ίν
701 3412 795 3558 gfdc
815 3405 926 3484 οὕτως·

755 3521 793 3577 ην

169 3583 269 3659 uno}
291 3577 362 3646 ποτ’
386 3582 418 3645 ἓν
443 3581 580 3656 Φαίακος
601 3579 716 3666 ἔφαγον
738 3580 875 3661 καρίδας.

93 3706 159 3754 uam
183 3686 308 3750 Phaeax
329 3705 442 3770 quoque
465 3683 542 3746 circa
564 3679 767 3770 Olympiadem
780 3678 944 3744 LXXXlX
965 3679 1091 3744 maxime
1110 3676 1260 3744 inclaruit:

93 3776 134 3836 ita
153 3771 373 3860 Aristophanes
394 3769 426 3833 in
447 3766 602 3852 Equitibas
624 3789 652 3830 v.
674 3763 758 3830 1³74
777 3765 860 3830 illum
881 3765 995 3852 attigit:

181 3855 231 3920 'sti
251 3851 393 3942 μειροίκια
414 3852 502 3916 ταυτί
523 3851 616 3934 λίγα,
637 3845 759 3938 πόντῳ
780 3844 880 3936 μόρῳ,

170 3938 209 4006 “A
230 3945 430 4022 στωμυλεῖται
451 3937 551 4002 τοιαδί
572 3932 747 4018 καθήμενα·

139 4067 141 4072 ,
177 4023 284 4112 Σοφός
303 4023 334 4110 γ’
358 4019 374 4088 ὅ
400 4023 503 4098 Φαίαξ
523 4021 627 4097 δεξιῶς
645 4016 675 4086 τ’
700 4013 756 4082 odax
776 4015 939 4094 ἀπίθανον,

177 4109 359 4185 Ξννεκτικδς
377 4105 436 4194 γάρ
457 4108 521 4173 ἐστι
542 4107 592 4168 καί
614 4101 790 4190 περαντικός

178 4196 244 4260 Καὶ
265 4193 491 4280 γνωμοτυπικὸς
512 4187 655 4276 κάσαφής
676 4189 727 4252 καὶ
748 4185 925 4272 κρουστικός

179 4275 415 4360 Καταληπτικός
435 4275 465 4340 τ’
489 4274 600 4363 όίριστα
620 4279 677 4339 τοῦ
698 4275 918 4358 θοροβομικοῦ.

95 4361 137 4430 ita
157 4365 235 4432 enim
260 4364 336 4448 haec
362 4361 519 4430 scribenda
543 4361 656 4442 iudico,
683 4357 774 4448 urrlgo
800 4350 988 4441 ξυνερκτικδς
1013 4350 1141 4438 legitor,
1183 4347 1259 4434 quod
