3052 5060
331 324 392 391 DE
412 323 557 400 annm.
578 323 767 394 COMOED.
787 325 895 396 ATT.
915 327 1061 406 ANTIO.
1218 331 1282 402 145

188 487 316 582 Ἐφόρτι
341 493 398 571 τὰς
418 495 494 582 δρῦς
519 495 571 560 eal
596 489 652 570 τὰς
677 489 929 601 πλατάνουςΙκαί
955 497 1028 573 τοὺς
1049 497 1184 584 ίχθροὺς
1203 525 1281 584 προ-

183 655 286 730 Ἅισαι
308 661 339 727 d'
364 661 421 728 οὐκ
441 653 481 745 ἦν
497 663 534 730 ίν
554 661 717 750 συμποσίῳ
737 583 1160 774 πλὴῗελιίίίξίίςσυυοπίδιλε,

193 749 258 812 Καὶ
279 747 415 825 τίκτονες
435 743 621 829 εὐπαλάμων
640 743 760 828 ὕμνων·
783 747 881 826 οὕτως
898 755 1035 835 ηνθησεν
1055 753 1175 831 lacteos«

106 833 226 900 Cratini
252 833 311 898 vim
332 833 482 922 insignem
499 839 541 898 et
560 833 723 898 ubertatem
749 834 867 922 ingenii
893 835 972 902 idem
997 859 1103 904 rursus
1129 838 1160 902 in
1182 838 1280 906 lionis

104 917 237 984 celebrat
256 937 285 984 v.
306 918 387 1000 354,
419 919 470 984 ubi
490 917 614 999 iudicat,
645 919 936 1005 qumtdmorvullo
968 919 1151 989 recentiores
1177 925 1292 992 comici·

103 1011 210 1092 poetae
231 1025 250 1068 a
272 1001 396 1070 Cratino
418 1003 535 1068 diremti
556 1003 632 1067 sint:

189 1086 350 1174 Εὗφημτΐν
375 1087 435 1174 χρὴ
455 1087 663 1164 κάξίστασθαι
689 1095 754 1164 τοῖς
778 1083 951 1176 ἣμττίροισι
971 1097 1108 1176 χοροῖσιν

183 1169 291 1250 Ὅστις
306 1171 431 1260 ἄπειρος
450 1175 578 1238 τοιῶνδε
598 1167 697 1256 λόγων
716 1169 736 1250 ll
758 1169 863 1259 γνώμῃ
883 1173 928 1257 μὴ
950 1173 1128 1262 καθαρεύει,

181 1254 230 1322 Ἢ
246 1260 389 1341 γενναίων
416 1255 505 1343 ὄργια
526 1261 668 1322 Μουσῶν
688 1252 765 1340 μήτ’
792 1253 868 1324 elder
886 1256 963 1344 μήτ’
986 1257 1153 1372 ἐχόρευσεν,

189 1343 286 1426 Μηδὲ
300 1343 460 1426 Κρατίνου
481 1347 537 1408 τοῦ
557 1339 760 1429 ταυροφάγου
779 1339 916 1428 γλώττης
935 1351 1044 1430 βακχει
1080 1346 1236 1433 ίτελίσθη,

183 1426 228 1494 Ἢ
247 1425 440 1511 βωμολόχοις
460 1425 561 1494 ἔπεσιν
577 1429 677 1514 χαίρει
697 1425 742 1511 μὴ
760 1425 791 1492 ’ν
811 1434 910 1518 καιρῷ
931 1437 1024 1496 τοῦτο
1045 1437 1196 1502 ποιοῦσιν.

102 1513 207 1601 ltaque
230 1511 372 1580 Cratinus
394 1520 479 1596 tunc,
507 1535 572 1580 cnm
593 1512 718 1578 lascivia
737 1513 798 1578 ista
818 1514 955 1580 claustris
980 1515 1082 1606 legum
1103 1519 1280 1584 firmissimis

104 1607 186 1666 esset
212 1599 405 1680 circumdata,
438 1619 517 1664 nova
543 1606 720 1685 argumenta
746 1598 872 1664 debebat
897 1601 1087 1688 conquirere,
1115 1604 1148 1668 in
1175 1605 1280 1692 quibus

104 1686 248 1750 eniteret:
271 1685 409 1773 applicuit
429 1691 526 1748 autem
549 1704 582 1748 se
604 1683 643 1750 ad
669 1682 786 1748 fabulas
810 1706 839 1748 m
874 1685 957 1750 hiras
984 1688 1171 1771 tacendos,
1205 1709 1280 1776 quac

101 1755 211 1858 partim
231 1770 263 1834 in
283 1770 384 1860 populi
405 1789 457 1834 ore
484 1769 643 1857 vigebant,
668 1768 773 1856 partim
801 1789 836 1834 ve
870 1771 907 1834 alr
934 1771 1026 1860 epicis
1046 1773 1096 1838 vel
1117 1795 1136 1838 a
1156 1775 1281 1863 tragicis

102 1855 198 1944 poetis
236 1875 326 1943 saepe
354 1854 532 1939 multumque
563 1859 650 1921 erant
674 1853 834 1918 exhibitae.
882 1853 944 1920 Sed
976 1855 1098 1922 multum
1125 1859 1281 1942 erraverit,

102 1941 215 2027 qui'ex
235 1939 292 2004 hac
313 1947 439 2004 externa
465 1938 564 2026 specio
591 1937 666 2002 tales
688 1937 853 2014 comoedias
874 1959 911 2004 eo
931 1939 992 2006 fine
1015 1963 1084 2008 esse
1105 1945 1280 2031 compositas

102 2034 137 2090 ut
157 2033 188 2090 et
207 2023 327 2091 labulae
348 2025 441 2106 istae,
462 2031 493 2088 et
513 2028 633 2112 poetae,
655 2023 705 2110 qui
720 2029 808 2088 antea
828 2024 908 2088 serio
930 2025 1049 2092 easdem
1071 2033 1281 2112 tractaverant,

9 2118 11 2127 '
101 2111 313 2176 irriderentur:
350 2129 532 2210 ¹quamquam
554 2107 628 2174 haec
660 2107 765 2197 pervul
807 2115 837 2174 ta
867 2109 1061 2212 plurimorum
1097 2116 1143 2178 est
1169 2113 1280 2204 opinio,

103 2198 153 2283 qui
176 2195 348 2261 existimant
367 2201 442 2260 rstas
463 2193 629 2260 comoedias
650 2193 726 2260 nihil
748 2193 828 2258 a'ud
849 2195 1067 2284 msiparodias
1090 2218 1174 2264 esse:
1196 2205 1227 2264 at
1247 2197 1279 2263 hi

104 2283 164 2348 vim
187 2287 218 2347 et
237 2287 372 2346 natrram
393 2277 679 2344 vetemsAtticornm
701 2278 868 2344 comoediae
887 2289 1237 2371 parumperspexernnt

9 2306 15 2471 l
190 2365 233 2432 Et
273 2367 378 2430 rimum
400 2361 516 2465 quidem
537 2385 598 2428 non
619 2371 699 2430 recte
721 2363 765 2430 illi
786 2370 933 2448 statuunt,
974 2366 1005 2430 ui
1026 2366 1181 2434 Cratinum
1202 2375 1280 2442 cete,-

101 2387 652 2604 ¹l⁸q¹¹⁶sltltltldltl⁰lltt
662 2388 1077 2604 ditstllrtlltdt
1093 2462 1280 2604 puppo

32 2603 35 2611 ¹
102 2560 354 2689 irasextransldtam
375 2643 443 2686 esse
465 2557 598 2702 cendant,
619 2621 804 2684 immemores
825 2621 936 2718 peteris
954 2559 1192 2712 proverolifdm
1215 2562 1280 2688 cdlii

101 2709 215 2775 faciant
240 2707 339 2789 idem,
366 2727 427 2772 non
454 2725 522 2770 esse
548 2705 636 2770 idem.
678 2705 754 2770 Nam
775 2703 947 2791 Eprcharmi
973 2707 1088 2792 quidem
1116 2707 1279 2774 comoedia·

187 2791 395 2946 adr
415 2787 992 2942 retorqueamus
1008 2799 1280 2942 taurea

103 2899 322 3048 idmdl,quddd
349 2960 462 3050 dispari
489 2895 613 3026 corisilro
647 2964 677 3024 et
707 2957 823 3024 ratione
854 2957 911 3024 hac
938 2960 971 3026 in
997 2924 1033 3026 le
1060 2899 1279 3028 versatlasuirtl

102 3051 182 3116 Nam
210 3048 423 3139 Epicharmus,
461 3067 526 3110 cum
558 3043 679 3110 multum
713 3043 802 3108 studii
831 3065 996 3146 operaeque
1025 3045 1058 3111 in
1084 3043 1166 3134 Pyth
1208 3069 1280 3114 orae

102 3136 239 3202 doctrina
259 3132 473 3214 collocavisset‚
493 3129 588 3196 voluit
603 3129 763 3195 secundnm
784 3129 864 3195 illius
885 3130 994 3220 placrta
1015 3151 1147 3234 eaquae
1168 3155 1187 3197 a
1226 3153 1277 3198 res

103 3221 221 3287 divinas
247 3219 433 3309 pertinerent
458 3217 645 3282 conformare
665 3222 696 3280 et
721 3215 828 3304 populo
855 3229 1039 3318 proponere:
1078 3225 1178 3303 rtaque'
1205 3217 1278 3284 deos

101 3327 164 3372 non
183 3305 305 3372 sustulit
314 3303 452 3454 lpenitus,
474 3301 528 3368 sed
544 3301 581 3366 ad
602 3323 701 3366 rerum
723 3309 857 3366 naturam
869 3321 990 3366 namma
1010 3303 1175 3368 revocavit}
1196 3303 1278 3368 nullo

100 3393 197 3492 igitur
216 3395 302 3480 pacto
342 3387 485 3479 picharnri
506 3385 657 3452 comoedia
677 3385 750 3450 illud
772 3387 925 3475 spectavit,
946 3393 980 3452 ut
999 3387 1140 3456 sanctitas
1157 3387 1278 3454 deorum

101 3478 265 3543 vrolaretur
286 3482 337 3540 aut
355 3473 464 3561 religio
486 3471 654 3538 exanimis
675 3471 824 3538 hominum
845 3473 1077 3562 exstirparetur,
1104 3473 1159 3538 sed
1179 3475 1277 3562 potius

101 3571 134 3628 ut
160 3583 277 3627 omnem
302 3561 340 3628 de
370 3560 461 3624 rebus
488 3557 596 3622 diuinis
624 3556 849 3639 dubitationem,
882 3578 957 3643 quae
986 3557 1136 3623 hominum
1163 3567 1276 3624 mentes

105 3647 295 3729 sollicitaret,
327 3645 444 3734 penitus
472 3649 648 3708 removeret.
702 3641 846 3708 Solebant
875 3641 954 3708 enim
986 3649 1071 3734 truc,
1113 3643 1173 3719 iam
1206 3643 1276 3708 reli-

13 3761 19 3782 =
102 3734 203 3822 gionis
230 3731 386 3798 sanctitate
406 3728 542 3814 cultuque
562 3727 683 3794 deornm
704 3728 874 3809 imminuto,
901 3733 986 3792 aucta
1011 3749 1083 3794 voro
1113 3728 1274 3794 animorum

103 3819 254 3885 alacritate
285 3816 458 3906 ingeniique
490 3815 647 3895 acumine,
688 3832 788 3878 rerum
820 3821 954 3878 naturam
986 3813 1166 3902 perscrutari
1201 3813 1292 3892 muls-

103 3913 220 3990 tumque
264 3902 300 3968 de
332 3901 434 3967 divina
461 3899 494 3964 vi
525 3904 556 3963 et
585 3905 692 3963 natura
722 3899 883 3984 quaerere3
927 3897 1099 3963 documento
1132 3903 1179 3960 est
1209 3898 1275 3986 ipsc

101 3989 153 4054 ille
185 3987 298 4070 Hiero,
339 3985 511 4076 Epicharmi
552 3983 700 4068 aequalis3
742 3983 802 4048 vid.
835 3983 942 4050 Cicero
976 3983 1013 4048 de
1034 3982 1160 4074 ¹Natura
1180 3981 1281 4048 Deor..

102 4074 126 4138 l.
155 4077 217 4140 22:
270 4072 406 4161 „Rogas
437 4093 502 4153 me,
545 4069 614 4155 quid
652 4074 704 4134 aut
734 4067 820 4216 quale
857 4069 897 4134 sit
927 4067 1015 4134 dens:
1061 4073 1180 4134 anctom
1207 4075 1275 4134 utar

102 4159 271 4239 Simonide,
298 4158 335 4223 de
355 4177 412 4244 quo
433 4178 498 4222 cnm
520 4154 716 4242 quaesivisset
764 4175 798 4218 oc
819 4153 896 4223 idem
918 4159 1063 4240 tyrannus
1085 4151 1201 4236 Hiero,
1223 4153 1274 4219 de·

100 4243 248 4310 liberandi
275 4243 333 4307 sibi
362 4245 456 4306 'uuum
487 4241 564 4306 diem
591 4237 765 4329 postulavit:
797 4259 861 4306 cum
893 4239 972 4304 idem
999 4253 1039 4304 ex
1067 4259 1103 4304 eo
1131 4235 1273 4328 postridie

101 4334 273 4482 qqqqqeret,
293 4325 411 4478 hippium
432 4325 550 4427 petivit:
578 4344 643 4476 τρια
664 4323 1138 4487 saefflsfduplqffldlfinumffl
1159 4325 1273 4490 dieruqq

100 4437 119 4478 a
195 4433 307 4502 rusque
371 4433 423 4477 ero
443 4433 622 4498 requirere,
643 4431 695 4478 cur
793 4431 861 4476 acer
896 4457 917 4492 ,‚
985 4429 1061 4496 aqu
1138 4429 1249 4495 ,rnqm

1028 4511 1071 4576 10
