3096 5062
242 261 307 330 ott
491 257 521 268 ''
603 259 605 269 '
631 249 1053 326 commentatorum·
1079 265 1084 273 '
1158 265 1162 273 '
1189 267 1195 280 '

180 487 182 491 .
245 428 306 496 seu
329 430 369 494 ibi
390 429 442 494 rix
460 427 639 526 perspicias,
666 431 750 525 qnae·
766 425 932 490 coniunctio
958 424 998 524 sit
1018 422 1132 525 bonni,
1162 425 1266 526 musici
1286 397 1412 495 nubilis·

245 515 397 579 simitum
418 520 588 594 meretnoe,
609 509 756 575 Molossus
777 519 889 590 autem,
917 509 1045 574 homams
1066 509 1223 598 voluptarii
1244 517 1275 576 et
1295 511 1412 578 effemi-

243 600 307 664 nati
326 615 390 663 eum
411 597 551 662 carmine.
593 593 717 702 Goniepi
735 587 845 702 igitur,
866 595 997 703 quamvis
1019 595 1202 702 dubitantes,
1223 597 1413 672 scribendum

242 676 951 918 paovastatumque
970 681 1306 916 ututunu‘q
1352 681 1413 748 ν’

293 873 320 918 m
340 851 485 941 publicam
505 852 563 916 iste
583 849 728 915 Molesias
749 869 810 912 non
831 848 945 936 attigit,
965 851 1029 914 nti
1065 849 1191 916 ePIato
1212 851 1243 914 in
1299 851 1412 916 aohetis

243 937 324 1018 loeo,
345 957 429 1022 quem
452 957 551 1025 supra·
563 935 718 1024 adscripsi,
740 941 874 1014 testatur,
895 934 1027 1019 nisique
1069 935 1190 1000 semeia
1211 936 1412 1024 quadringen-

244 1024 284 1088 tis
311 1021 429 1109 legatus
454 1021 709 1086 Lacedaemonem
735 1019 843 1084 missus
871 1025 933 1101 est,
967 1017 1026 1084 vid.
1048 1018 1220 1107 Thucydid.
1247 1020 1332 1089 VIII.
1352 1021 1422 1088 ooo

242 1107 415 1192 Ἀφίκοντο
442 1106 475 1170 δὲ
502 1105 530 1169 ολ
548 1104 688 1188 Ἀργεῖοι
715 1103 875 1185 μετὰτῶν
896 1100 1057 1188 παράλων,
1085 1105 1120 1168 oh*
1140 1101 1207 1170 τότε
1234 1103 1415 1188 ίτοίχθησαν

244 1195 277 1258 ἔν
296 1193 335 1276 τῇ
357 1186 553 1273 στρατιωτικὴ
574 1193 630 1271 νηί·
645 1185 707 1252 a‘onb
727 1194 789 1252 τῶν
808 1190 1010 1273 τετρακοσίων
1032 1194 1185 1274 περιπλεῖν
1201 1188 1340 1270 Εὔβοιαν
1360 1193 1414 1255 καὶ

244 1275 367 1362 ἄγοντες
376 1275 562 1356 Ἀθηναίων
583 1276 614 1350 ze
624 1275 848 1355 Λακεδαίμονα
869 1271 931 1336 ἀπὸ
952 1279 1014 1338 τῶν
1033 1275 1236 1356 τετρακοσίων
1256 1275 1415 1359 amatoris·

244 1362 385 1447 πρίσβεις
406 1359 606 1424 Λανοκοδίαν
628 1361 678 1422 καλ
697 1356 941 1442 Ἀριρτοφῶντα
962 1362 1012 1422 καί
1035 1361 1209 1441 Μελησίαν.
1348 1399 1351 1406 ,

330 1445 450 1510 Acoedo
472 1439 509 1509 ab
531 1443 648 1510 Cratini
675 1445 908 1524 Trophonium,
929 1443 960 1507 in
983 1463 1040 1530 qua
1060 1444 1162 1509 fabula
1183 1451 1296 1534 poetam
1318 1460 1415 1530 neque

245 1531 316 1596 deos
338 1551 432 1630 neque
459 1529 579 1594 deorum
608 1530 714 1595 cultum
742 1529 841 1593 ridere
863 1527 993 1594 voluisse
1014 1529 1103 1594 iaoile
1123 1530 1284 1610 concedet,
1311 1531 1362 1614 qui
1383 1538 1415 1594 et

246 1613 362 1682 Cratini
382 1615 536 1703 ingenium
557 1621 588 1679 et
607 1613 775 1678 comoediae
803 1612 940 1698 antiquae
958 1616 1139 1702 propositum
1158 1615 1232 1678 satis
1253 1633 1416 1702 perspexe-

244 1702 294 1766 rit
337 1700 469 1765 Tantum
497 1700 575 1765 enim
602 1700 701 1780 abest,
735 1706 767 1762 nt
792 1705 880 1786 poeta
911 1697 1031 1763 deornm
1058 1699 1118 1763 vim
1150 1705 1181 1766 et
1212 1700 1415 1764 auemritatem

245 1785 425 1852 labefactare
445 1784 592 1867 voluerit,
612 1791 644 1848 ut
664 1783 740 1848 nihil
761 1784 872 1862 maius,
901 1783 976 1848 nihii
996 1785 1212 1872 praestantius,
1240 1783 1315 1848 nihil
1337 1785 1415 1850 anti·

245 1871 330 1956 quius
361 1890 430 1935 esse
459 1870 579 1934 numine
612 1869 714 1934 divino
745 1868 882 1932 habuerit
913 1869 1179 1956 persuasissimum.
1222 1867 1290 1932 IIao
1322 1869 1416 1957 igitur

245 1956 401 2020 sanctitate
426 1959 456 2019 et
481 1953 629 2042 reiigione
661 1971 725 2018 oum
752 1960 857 2041 poetae
884 1963 965 2018 esset
985 1955 1100 2018 animm
1131 1954 1274 2034 imbutus,
1303 1954 1419 2042 pariter.

245 2039 484 2130 philosophorum
505 2039 622 2127 placita,
644 2059 719 2123 quae
739 2057 854 2102 omnem
875 2037 1012 2124 pietatem
1033 2037 1209 2126 affligebant
1229 2040 1416 2104 evomebant-

246 2145 318 2210 que,
340 2132 427 2209 atque
448 2123 531 2211 vulgi
557 2124 711 2223 opiniones
736 2128 768 2186 et
788 2123 1043 2210 superstitionem,
1070 2145 1144 2208 qnae
1163 2123 1283 2188 deorum
1306 2123 1414 2188 cainum

244 2208 429 2360 polluebant,
462 2208 640 2308 gravissime
666 2227 835 2306 summoque
856 2207 952 2306 studio
973 2208 1183 2308 impugnavita
1204 2207 1277 2273 illud
1297 2229 1315 2272 e
1339 2209 1363 2272 ‘t
1377 2209 1415 2308 'in

245 2302 420 2444 attiuha
434 2292 494 2441 hs
509 2289 958 2446 'inibihabuit
974 2302 1160 2464 busitu,
1175 2292 1314 2478 'iobii
1334 2309 1422 2444 32:232

247 2462 342 2528 uultus
364 2461 483 2528 deorum
504 2462 672 2526 imminutus
694 2467 780 2546 atque
802 2461 839 2525 de
860 2481 942 2526 more
963 2463 1103 2528 maiorum
1126 2462 1326 2545 abalienatus,
1354 2471 1416 2530 stu·

246 2547 330 2612 diosa
351 2547 577 2632 conquirebant,
599 2546 704 2632 quibus
725 2547 838 2610 animos
860 2563 1021 2634 suspensos
1042 2547 1205 2632 anxiosque
1226 2543 1420 2614 consulmsn·‘

127 2633 132 2644 '
245 2639 295 2698 hur
315 2639 346 2697 et
365 2633 560 2697 sustinerents
590 2632 661 2696 novi
687 2631 781 2718 igitur
807 2651 842 2695 ac
883 2633 1016 2718 magrini
1043 2633 1118 2698 ritus
1149 2632 1348 2698 inuisitatem
1370 2634 1416 2698 in-

246 2717 384 2799 troducti,
426 2718 455 2781 ui
475 2718 559 2803 quasi
581 2738 669 2782 caeca
682 2716 806 2802 quadam
828 2649 895 2781 latio
917 2718 1030 2782 animos
1052 2717 1134 2782 leves
1156 2717 1317 2804 mollesque
1338 2719 1416 2784 infe·

247 2810 360 2867 terunt.
401 2737 458 2868 iiio
490 2810 586 2868 autem
613 2809 744 2890 tempore
778 2819 835 2884 quo
863 2800 1004 2866 Cratinus
1035 2803 1111 2867 hanc
1142 2802 1272 2868 [obulum
1307 2803 1417 2886 doouIt,

247 2885 423 2989 Trophonei
449 2888 561 2953 oraculi
587 2887 746 2952 auotoritas
772 2886 848 2972 apud
871 2886 1072 2952 Athenienses
1099 2887 1254 2976 plurimum
1283 2889 1417 2976 viguisse

245 2992 431 3058 omniumque
452 2973 567 3038 animos
587 2993 665 3037 vana
679 2972 889 3058 superstitione
909 2979 940 3036 et
960 2972 1108 3060 religione
1128 2973 1270 3038 imbuisse
1291 2975 1417 3042 videtur.

189 3045 204 3068 ‘
245 3057 345 3144 Atque
366 3057 584 3148 Aristophanes
605 3077 718 3142 quoquo
737 3056 771 3118 in
791 3055 927 3120 Nubibus
949 3077 978 3122 v.
998 3061 1063 3124 505
1084 3056 1302 3146 Strepsiadem,
1329 3077 1418 3145 quum

247 3139 380 3208 Suurub's
401 3141 552 3230 mysteriis
573 3141 734 3301 ὶσὶῐίαιὲἰςοο
755 3147 818 3248 pst,
838 3141 881 3288 itp
902 3141 1067 3227 loquentem
1088 3143 1213 3208 inducit:

727 3249 773 3288 τω
814 3250 836 3288 ει
895 3249 949 3290 νυν

278 3357 280 3364 1
333 3305 400 3384 Δίς
417 3336 473 3390 μοι
493 3314 692 3392 μελιτοῦτταν
713 3249 877 3394 πρότέροῗ,
904 3307 947 3387 ὥς
968 3307 1083 3376 δίδωσί
1107 3310 1166 3396 ίγῶ

332 3393 417 3458 Eihts
437 3397 646 3475 καταβαίνων,
674 3391 775 3478 ὥσπερ
797 3397 829 3470 ἐς
852 3400 1045 3481 Τροφωνίου.

246 3495 305 3568 qua
324 3481 541 3568 comparatione
563 3482 614 3546 vix
636 3502 707 3545 usos
729 3489 809 3544 esset
829 3483 972 3564 oonricus,
1003 3481 1062 3546 nisi
1088 3485 1158 3548 une
1183 3481 1266 3546 multi
1287 3481 1417 3548 Atheni-

247 3581 336 3632 tuses
357 3582 476 3630 suarum
496 3583 595 3632 rorum
616 3565 723 3631 inuenti
744 3565 913 3653 Trophonii
937 3567 1086 3632 oraculum
1107 3566 1271 3656 petiissent.
1313 3567 1416 3652 Itaque
1532 3569 1533 3628 1

247 3649 336 3716 stiam
348 3647 490 3716 Cratinus
506 3671 578 3716 usus
596 3665 643 3716 est
659 3651 714 3715 hoo
728 3651 863 3732 nomine,
889 3660 1016 3738 utquam
1034 3673 1110 3717 vana
1129 3660 1159 3716 et
1175 3652 1342 3740 perniciosa
1358 3653 1417 3718 ista

132 3768 135 3774 ¹
247 3743 330 3802 onst
348 3736 536 3832 superstitio,
556 3736 712 3836 perspicua
733 3757 828 3820 nequo
848 3735 938 3801 dubia
958 3737 1090 3826 imagine
1118 3733 1267 3827 proposita
1289 3737 1417 3804 doceret.

243 3817 320 3886 Fuit
346 3829 460 3904 autem,
485 3821 513 3887 si
538 3830 705 3886 contectura
730 3821 791 3884 tolo
817 3821 886 3905 quid
915 3824 1059 3910 augurari
1085 3822 1170 3903 iiost,
1201 3823 1329 3888 furasse
1356 3823 1417 3888 iam

247 3905 318 3971 inde
352 3907 390 3971 ab
420 3907 633 3994 antiquissimis
663 3907 843 3994 temporibus
875 3907 974 3992 aliquo
1000 3907 1234 3972 Atheniensibus
1265 3927 1418 3974 sacrorum

248 3991 413 4056 eommunia
432 4015 497 4058 oum
518 3991 783 4073 hetenensium,
805 3993 848 4058 ita
869 4000 901 4060 ut
921 3989 1091 4080 Trophonii
1112 3992 1168 4056 roii
1191 3993 1220 4057 'o
1242 3993 1299 4058 ista
1320 4001 1418 4060 aeae
1477 4023 1481 4030 ·

248 4073 338 4140 inoil'e
359 4075 495 4143 Athenas
524 4099 558 4143 se
583 4079 712 4168 potnerit
731 4077 894 4144 insinuare.
922 4077 1034 4142 Fertur
1059 4077 1138 4142 euim
1191 4078 1302 4144 ebadus
1323 4076 1419 4144 Athe-

248 4159 364 4226 niensis
396 4160 567 4228 Lebadean
603 4164 705 4228 urbem
742 4163 931 4244 uendidisse,
973 4161 1033 4226 viti.
1060 4160 1192 4228 Pausan.
1226 4163 1281 4228 IX.
1301 4165 1417 4246 39,1=

248 4241 401 4325 Arabiton
422 4245 456 4310 δὲ
476 4251 508 4325 ἐξ
525 4247 681 4331 Ἀθηνῶν
702 4247 734 4322 ὃς
754 4247 852 4331 αὐτὴν
873 4245 1061 4334 ἄφνκσμίνοο
1084 4247 1258 4329 κατίβησίκ
1278 4273 1310 4318 τε
1330 4251 1362 4326 ἐς
1382 4247 1418 4313 τὸ

246 4327 416 4413 χθαμαλὴ
435 4333 465 4398 ui
484 4332 645 4421 ἄνθρωποι
666 4334 717 4398 καί
746 4331 866 4418 ἐκλήθη
886 4328 1048 4414 Λτβᾶδωσ
1069 4328 1089 4415 ἢ
1112 4329 1198 4410 πόλις
1219 4332 1278 4398 ἀπ’
1303 4333 1417 4402 αὐτοῦ·
1472 4385 1475 4394 »
