3042 5070
339 275 400 349 DE
420 275 565 358 Rubro.
586 275 775 352 COMOED.
795 277 902 350 Aur.
921 280 1066 358 Au’ruu.
1245 287 1289 356 ¹7
1333 219 1336 224 ι

105 449 200 536 τίχνη
218 449 316 532 χωρὶς
346 447 557 534 σιτοφύλακας
586 443 807 532 ἀποκληροῦτε.
857 447 917 516 His
944 471 1005 515 non
1036 461 1185 546 repugnat
1210 455 1287 543 quoti

107 537 220 628 pistrix
243 534 320 624 apud
341 531 573 622 Aristophanem
600 533 632 597 in
653 533 763 622 Vespis
785 555 814 598 v.
837 533 921 602 1406
943 535 1026 601 dicit=

37 619 40 626 ’
196 621 263 684 Καὶ
286 623 455 706 καταγελᾷς
475 643 538 700 μου
546 647 557 701 ‚·
587 618 825 702 προσκαλοῦμαί
843 617 879 683 o'
903 617 986 694 ὅστις
1005 617 1039 699 εί,

194 703 287 789 Πρός
307 701 380 779 roric
401 701 614 788 ἀγορανόμους
633 701 754 788 βλάβης
775 709 837 768 τῶν
859 705 1003 792 φορτίων,

196 787 341 872 Κλητῆρ’
365 786 477 869 ίχουσα
499 791 707 873 Χαιρεφῶντα
728 790 859 852 τουτονί.

107 877 187 943 Nam
215 897 280 938 curu
307 895 400 963 panes
422 896 440 938 a
460 873 653 939 Philocleone
674 881 777 939 essent
796 873 916 956 deiecti,
936 872 990 938 iiia
1010 895 1060 940 res
1082 875 1119 940 ad
1140 895 1288 964 agorano·

109 982 225 1027 morum
257 958 388 1022 tribuual
414 959 596 1046 pertinebat,
630 958 680 1044 qui
701 960 844 1023 curabant
866 966 897 1023 ut
916 959 1028 1023 iustitia
1048 967 1134 1044 atque
1156 964 1287 1047 aequitas

109 1047 143 1110 in
172 1046 239 1110 foro
267 1045 478 1109 observaretur
511 1063 605 1130 neque
638 1044 806 1129 quisquam,
850 1045 898 1130 qui
929 1064 978 1110 res
1005 1045 1126 1109 venales
1155 1045 1310 1128 baboret‚.

111 1129 289 1196 contumelia
315 1127 522 1193 lacesseretur.
572 1127 613 1191 Et
639 1128 724 1215 leges
752 1149 865 1214 quoque
890 1129 968 1194 latae
990 1135 1095 1210 eraut,
1129 1131 1288 1198 secuudum

113 1236 188 1301 quas
211 1213 384 1302 agorauomi
404 1212 582 1278 iudicarent:
627 1211 824 1302 Harpocratio
845 1233 875 1302 p.
897 1215 975 1282 107:
1019 1213 1113 1278 Κατὰ
1136 1214 1192 1298 τὴν
1214 1218 1288 1300 ἀγο-

117 1299 176 1384 ρδιν
198 1297 352 1380 ἀψευδεῖν·
380 1293 545 1382 Ὑπερίδης
567 1299 599 1362 ἓν
618 1301 662 1384 τῷ
684 1295 754 1362 κατ’
773 1296 994 1381 Ἀδηνογίνους
1014 1295 1136 1386 πρώτῳ.
1174 1297 1213 1365 ‘0
1232 1303 1289 1382 μὲν

118 1385 220 1448 τοίνυν
243 1379 335 1464 νόμος
361 1379 471 1446 κελεύει
494 1381 641 1463 ἀψευδεῖν
662 1383 694 1446 δν
721 1382 836 1473 ἀγορᾷ·
863 1379 958 1448 ἐόικεν
985 1379 1001 1447 ὁ
1023 1381 1117 1465 νόμος
1138 1387 1205 1471 περὶ
1227 1392 1289 1450 τιῖιν

118 1467 213 1534 ὠνίων
231 1472 364 1532 κεῖσθαι.
412 1463 614 1552 Θεόφραστος
634 1472 709 1551 γοῦν
730 1469 763 1536 ἐν
784 1473 845 1532 τῶν
866 1469 933 1552 περί
955 1463 1056 1548 νόμων
1076 1469 1169 1554 φησί·
1191 1471 1289 1536 Δυοῖν

113 1549 231 1618 τούτων
251 1554 461 1634 ἐπιμελεῖσθαι
482 1551 555 1627 τοὺς
582 1548 808 1636 ἀγορανόμους,
845 1558 901 1637 τῆς
928 1577 961 1618 τε
988 1555 1020 1617 ἒν
1049 1560 1087 1640 τῇ
1113 1553 1212 1644 ἀγορᾷ
1239 1555 1290 1621 εά-

110 1639 242 1720 κοσμίας
263 1641 316 1701 καὶ
337 1643 394 1702 ‘cori
417 1636 577 1718 ἀψευδεῖν,
598 1635 643 1719 μὴ
664 1634 760 1716 μόνον
779 1636 853 1714 roric
873 1635 1115 1722 πιπράσκοντας,
1137 1639 1216 1703 ἀλλά
1237 1643 1289 1705 καί

109 1724 183 1800 τοὺς
205 1721 407 1803 αἰνουμίνους.
449 1721 510 1788 Rei
537 1729 632 1787 autem
653 1724 866 1788 frumentariae
894 1725 1053 1812 praesectis
1075 1726 1130 1789 hoo
1151 1726 1208 1790 fuit
1228 1749 1290 1792 ma-

108 1811 191 1873 xime
213 1829 319 1872 munus
346 1807 531 1896 impositum,
575 1815 608 1872 ut
637 1815 791 1888 caverent,
835 1829 873 1873 ne
900 1808 965 1894 quis
992 1809 1133 1874 frumenti
1158 1811 1289 1900 inopiam

107 1893 187 1960 malo
216 1893 285 1958 dolo
318 1913 389 1956 usus
417 1893 566 1976 efiiceret,
605 1913 644 1955 ne
671 1893 736 1977 quis
757 1893 846 1957 nimis
868 1915 915 1957 nra
939 1914 977 1958 no
1004 1895 1098 1981 pretio
1124 1915 1216 1982 panes
1240 1904 1291 1962 aut

110 1999 259 2044 annonem
294 1977 453 2059 venderet,
497 1977 556 2042 alia
588 1976 619 2040 id
652 1997 763 2076 genus„
808 1976 869 2042 Sed
896 1915 1050 2044 airon-sari
1075 1977 1194 2044 ridetur
1221 1980 1289 2044 huic

111 2064 278 2128 sententiae
307 2059 514 2151 Xenophontis
545 2062 627 2128 locus
654 2083 687 2125 ru
715 2061 897 2151 lepidissimo
930 2061 1047 2144 libello,
1082 2064 1131 2150 qui
1161 2062 1289 2154 Sympo-

114 2150 187 2213 sium
209 2147 397 2230 inscribitur,
419 2146 459 2212 ll.
482 2149 533 2212 20.
578 2147 642 2212 Καὶ
669 2143 728 2232 γάρ
757 2137 812 2212 οάν
833 2145 914 2213 οὕτω
934 2146 973 2212 τά
994 2149 1086 2230 σκίλη
1107 2158 1172 2225 τοῖς
1193 2147 1289 2230 ιόμοις
1351 2175 1354 2180 ¹

112 2236 208 2319 φαίνῃ
237 2229 372 2318 ίσοφόρα
398 2230 489 2314 ἔχειν,
527 2228 604 2296 ὥστε
633 2233 731 2308 δοκεῖς
758 2233 841 2314 ἐμοὶ,
874 2229 932 2296 κάν
952 2235 980 2296 εί
998 2242 1063 2308 τοῖς
1084 2231 1289 2320 ἀγορανόμοις

111 2314 276 2405 ἀφιστιόης
302 2315 403 2404 ὥσπερ
433 2313 561 2398 ἀρτους,
603 2315 643 2382 τά
664 2313 747 2382 κάτω
768 2318 846 2404 πρδς
865 2316 904 2381 τά
926 2315 1004 2395 ἀνω,
1032 2314 1159 2403 ἀζήμιος
1180 2317 1218 2383 ἀν
1238 2344 1289 2403 γε-

109 2406 232 2470 νέσθαι.
256 2403 333 2468 unde
354 2403 411 2468 hoc
431 2402 548 2467 videtur
569 2401 674 2468 confici
695 2423 799 2552 posse,
833 2423 1029 2492 agoranomos
1056 2404 1171 2492 pondus
1198 2405 1287 2470 etiam

109 2511 236 2580 panum,
258 2495 291 2552 ut
312 2495 475 2552 ceterarum
496 2509 594 2553 rerum
617 2509 693 2552 vena

109 2597 172 2640 non
194 2575 205 2638 i
226 2594 276 2637 sos
298 2572 366 2638 illos
388 2571 500 2636 aediles
522 2572 578 2637 hoc
605 2573 730 2654 fecisse,
764 2595 829 2639 curu
859 2574 911 2638 vix
938 2574 1038 2639 decem
1068 2575 1124 2638 vrri
1151 2577 1286 2641 omuibus

109 2661 159 2724 his
187 2595 295 2722 cificiis
317 2657 456 2722 sufficere
476 2655 640 2746 potuerint,
682 2658 735 2722 sed
757 2659 957 2724 ministrorum
979 2680 1071 2746 opera
1097 2679 1149 2725 eos
1180 2660 1212 2724 iu
1238 2661 1286 2726 his

110 2745 273 2813 levioribus
294 2743 384 2806 rebus
405 2762 477 2806 usos
498 2763 581 2806 esse:
620 2749 650 2808 ct
676 2743 813 2808 similiter
840 2744 928 2808 etiam
956 2763 1092 2808 annonae
1118 2745 1169 2810 isti
1199 2767 1287 2834 prae-

111 2829 182 2896 fecti
204 2828 341 2892 videntur
361 2827 574 2892 ministris-usi
599 2847 686 2909 esse,
724 2849 862 2914 quorsum
887 2835 1004 2916 'spectat
1034 2828 1110 2914 quod
1136 2835 1183 2894 est
1208 2831 1286 2918 apud

114 2911 290 3001 Harpocrat.
308 2934 340 3018 p.
363 2914 442 2977 153:
485 2908 724 2996 Προμετρητής·
753 2907 863 2988 ὁτοδς
884 2915 1150 2997 πιπρασκομένους
1169 2914 1287 3000 πυροδς

115 2999 148 3064 ίν
168 3005 203 3084 τῇ
225 2997 324 3086 ἀγορη
339 2999 389 3060 καὶ
407 3001 469 3060 τῶν
491 2993 592 3060 ἀλλων
613 2992 795 3082 σπερμάτων
817 2999 944 3063 ἕκαστον
963 3003 1083 3079 μετρῶν
1104 3001 1154 3062 καὶ
1177 2994 1193 3062 ὃ
1215 2997 1286 3064 rori·

110 3108 167 3148 του
187 3087 244 3147 τοῦ
275 3081 365 3167 ἔργον
390 3079 509 3163 μισθόν
534 3078 701 3162 λαμβάνων
722 3081 933 3168 προμετρητὴς
953 3084 1099 3148 ἐκαλεῖτο.
1121 3079 1285 3168 Ὑπερίδης

110 3171 145 3234 ἓν
165 3173 209 3256 τῷ
231 3171 371 3252 περὶτοῦ
392 3167 537 3252 ταρίχους
558 3170 608 3230 καί
631 3169 801 3254 Δείναρχος
822 3167 1134 3252 κατ’Ἅγασικλίους·
1155 3171 1284 3233 §noenu

108 3255 213 3318 τοίνυν
239 3259 296 3316 τοῦ
322 3258 535 3337 προμετρητοΐι
560 3251 626 3330 viriq
653 3255 685 3317 ἓν
712 3251 861 3336 δημόταις
888 3254 988 3337 γίγονε
1011 3255 1060 3316 καὶ
1082 3243 1172 3330 οὗτος
1193 3257 1226 3319 ἒν
1246 3261 1284 3340 τῇ

107 3343 209 3427 ἀγορᾷ
236 3343 417 3423 προμετριῖιν
442 3337 624 3402 διατετίλεκε
651 3341 701 3402 καὶ
729 3335 816 3418 δμεΐς
837 3335 1097 3418 δκλαμβανόμενοι
1124 3338 1200 3424 παρ’
1225 3339 1284 3402 αι’·-

107 3429 164 3488 τοῦ
185 3421 260 3498 τοὺς
281 3423 397 3507 πυροὺς
418 3425 588 3487 διατελεῖτε.
632 3423 699 3488 Ηοο
721 3425 837 3509 quidem
858 3447 897 3489 ex
908 3423 1113 3512 Xenophontis
1130 3424 1195 3490 loco
1208 3426 1282 3490 satis

108 3516 190 3574 certo
212 3508 362 3589 conficias,
383 3508 463 3572 vobi
484 3529 534 3573 sos
556 3529 753 3596 agoranomos
766 3509 815 3573 vel
824 3511 975 3574 ministros
988 3529 1088 3574 eorum
1109 3511 1282 3575 auctoritate

128 3615 202 3658 anes
224 3616 294 3658 num
305 3593 413 3657 iustum
424 3530 568 3658 haherent
582 3594 696 3682 pondus
709 3593 922 3682 exploravisse.
966 3593 1106 3662 Cratinus
1119 3616 1188 3658 num
1203 3595 1281 3660 sorte

106 3617 291 3744 hietiochum
311 3699 522 3766 agoranomum
544 3700 612 3745 esse
633 3679 774 3760 voluerit,
796 3700 856 3743 non
877 3680 1026 3760 definiam,
1048 3679 1280 3765 quandoquidem

105 3763 315 3852 Xenophontis
337 3773 467 3851 tempore
489 3763 548 3828 alia
568 3764 695 3828 forsitan
716 3765 875 3830 fuitratioz
898 3764 1093 3850 mihiquidem
1106 3765 1161 3828 hoe
1173 3785 1279 3830 munus

106 3852 139 3915 in
151 3869 289 3916 annonae
301 3856 451 3913 curatores
462 3849 567 3913 melius
590 3849 695 3914 cadere
716 3851 842 3916 videtur.
875 3849 923 3914 De
933 3871 1056 3913 nurnero
1068 3856 1165 3914 autem
1175 3849 1280 3916 hurum

106 3935 334 4023 magistratuum
346 3933 434 3998 valde
449 3933 636 4016 dissentiunt,
657 3957 725 3999 nam
747 3934 943 4026 Harpocratio
964 3935 1079 4020 quidem
1100 3934 1170 4021 quin
1190 3956 1227 3998 ue
1247 3935 1279 3999 in

106 4021 255 4102 Piraeeo,
300 4019 464 4104 quindecim
490 4019 522 4083 in
550 4020 623 4084 urbe
643 4019 738 4086 fuisso
759 4019 841 4084 dicit:
886 4027 917 4084 at
935 4027 1016 4084 recte
1057 4019 1156 4090 utoV
1186 4020 1278 4084 esium

107 4103 328 4170 emendavimus
371 4096 450 4186 ἦσαν
476 4105 509 4168 δὲ
530 4103 583 4168 τὸν
604 4103 741 4190 ἀριθμὸν
761 4105 985 4182 πεντεκαίδεκα,
1028 4041 1119 4170 ἀίκα
1147 4107 1193 4184 μὲ
1201 4130 1218 4167 ν
1246 4105 1278 4168 ίν

106 4187 208 4267 borae,
251 4188 337 4254 πέντε
365 4189 397 4252 δ’
422 4191 454 4253 ἐν
474 4191 623 4271 Πειραιεῖ.
666 4190 703 4256 ad
731 4191 911 4276 eandemque
931 4211 1062 4260 normann
1084 4189 1277 4277 corrigendus

47 4295 49 4300 ·
106 4277 196 4340 etiarn
216 4273 361 4340 Photius:
395 4273 471 4340 idern
501 4275 572 4340 dicit
592 4283 694 4367 postea
714 4276 746 4340 iu
769 4278 840 4342 urbe
862 4277 956 4342 t'uisse
978 4277 1116 4362 triginta,
1152 4276 1200 4360 qui
1222 4297 1276 4338 ιιιι-

105 4361 215 4426 merus'
228 4361 306 4426 iusto
327 4360 421 4426 maior
441 4381 509 4428 esse
530 4360 657 4443 videtur,
684 4362 859 4452 praesertim
880 4383 945 4458 cum
966 4362 1044 4426 dicat
1064 4363 1190 4448 quinque
1210 4368 1275 4424 tan·

1010 4463 1033 4528 2

706 2488 765 2554 ium
787 2489 1005 2577 exploravisse:
1029 2509 1199 2588 quamquam
1217 2497 1286 2578 poto
