3096 5062
282 411 344 478 196
668 401 1072 472 commsnulluonss

275 585 310 656 J
336 579 338 586 '
364 565 471 664 Αδραι
494 571 711 661 περιπνέοισιν·
732 567 855 656 ἄνθεμα
877 573 912 638 δέ
928 578 1047 657 χρυσοῦ
1068 571 1178 660 φλέγει,

278 670 313 749 η,
365 659 415 724 Tol
435 659 493 743 μέν
509 654 661 744 χερσόθεν
680 655 733 722 ἀπ’
755 655 878 742 ἀγλαῶν
899 657 1055 744 δενδρέων,
1076 656 1161 744 ἀδωρ
1183 653 1211 724 δ’
1226 654 1306 724 ἀλλα
1327 658 1440 747 φέρβει,

356 742 500 831 ’Όρμοισι
521 748 583 809 τῶν
600 742 694 830 χέρας
714 739 914 808 ἀναπλέκοντι
935 746 986 808 καί
1008 741 1145 832 κεφαλὰς

278 853 280 864 ’
362 833 498 906 Βουλαῖς
519 829 551 894 ἐν
565 827 676 914 ὀρθαῖς
688 821 937 907 Ῥαδαμάνθυος,

355 912 412 980 Ὃν
433 912 535 1000 πατήρ
557 909 616 995 έχει
639 908 760 995 Κρόνος
780 910 903 994 ἑτοῖμον
924 909 1009 999 αὐτῷ
1030 909 1192 998 πάρεδρον,

360 997 462 1075 Πόσις
484 995 500 1062 ὃ
522 993 643 1062 πόντων
659 993 745 1073 Ῥέας
766 993 937 1083 ὑπέρτατον
957 996 1078 1080 ἐχοίσας
1098 993 1223 1084 θρόνον.
1291 990 1301 1004 ’

276 1085 388 1154 Verum
404 1084 460 1149 etsi
472 1082 546 1149 alias
560 1082 707 1147 exstincta
721 1081 838 1182 penitus
849 1091 914 1146 erat
925 1083 1008 1147 aurei
1023 1081 1102 1148 illius
1117 1083 1182 1147 aevi
1194 1082 1333 1164 felicitas,
1344 1087 1440 1147 tanum

275 1172 307 1235 in
329 1169 458 1251 civitate,
485 1169 536 1234 ubi
556 1167 686 1249 iustitia,
707 1172 818 1267 pletas,
839 1167 979 1232 honestas
1004 1167 1037 1231 in
1064 1167 1169 1230 animis
1183 1167 1318 1231 'omnium
1340 1187 1439 1232 versa-

274 1260 393 1336 rentur,
414 1253 502 1318 etiam
523 1252 693 1328 felicitatem
714 1249 793 1316 rllaur
817 1253 900 1338 quasi
921 1253 1055 1317 revocari
1075 1250 1182 1318 Graeci
1205 1253 1377 1318 censebant:
1397 1253 1439 1317 nti

275 1346 320 1405 est
341 1362 359 1404 a
379 1335 417 1404 ud
437 1338 532 1428 ipsum
553 1334 718 1402 Hesiodum
738 1355 768 1400 ν.
789 1337 869 1400 223:

297 1500 300 1505 Ι
390 1422 450 1486 ’δὲ
471 1423 558 1498 δίκας
579 1421 701 1497 ξείνοισι
719 1419 769 1484 καί
792 1415 949 1502 ἐνδήμοισι
970 1419 1109 1486 διδοῦσιν

353 1505 466 1582 Ἰθείας
487 1507 537 1570 καί
563 1501 637 1590 μήτι
658 1503 894 1590 παρεκβαίνουσι
921 1505 1058 1582 δικαίου,
1123 1557 1125 1564 .

359 1595 448 1657 Τοῖσι
470 1590 581 1674 τέθηλε
602 1586 704 1666 πόλις·
732 1591 801 1654 λαοί
824 1587 855 1654 δ’
880 1587 1026 1659 ἀνθεῦσιν
1047 1592 1080 1656 ἐν
1101 1587 1191 1676 αὐτῇ.

358 1672 472 1759 Εἰρήνη
494 1675 526 1740 δ’
551 1673 610 1739 ἀνά
629 1679 686 1760 γῆν
706 1671 930 1762 κουροτρόφος,
958 1673 1033 1738 οάδέ
1052 1671 1123 1738 ποτ’
1149 1673 1252 1752 αιίτοΐς

351 1758 515 1845 Ἅρμαλέον
531 1755 664 1842 πόλεμον
683 1760 874 1844 τεκμαίρεται
896 1755 1032 1840 εάρυόπα
1043 1756 1136 1834 Ζεός·

360 1845 445 1910 Οάδέ
464 1843 534 1910 ποτ’
558 1845 729 1910 ίθνδίκαισι
750 1842 818 1930 μετ’
844 1843 973 1930 ἀνδράσι
994 1842 1083 1926 λιμός
1104 1841 1221 1926 όπηδεῖ,

359 1927 439 1996 Οὐδ’
463 1927 538 2013 ἀτη,
559 1931 673 2016 θαλίης
687 1928 728 2006 ,δέ
746 1925 905 2012 μεμηλότα
927 1927 1000 2015 ’ἔργα
1021 1927 1172 2010 νέμονται.

357 2019 447 2080 Τοῖσι
469 2016 553 2102 φέρει
573 2015 630 2098 μὲν
649 2023 723 2099 γαΐα
744 2014 841 2077 πολὺν
859 2013 943 2096 βίον,
967 2011 1069 2102 οάρεσι
1090 2013 1124 2078 δέ
1145 2015 1221 2099 δρῦς

347 2097 443 2184 ’Άκρη
461 2100 521 2208 μέν
540 2123 572 2164 τε
597 2097 685 2247 φέρει
705 2095 877 2179 βαλάνους,
899 2097 998 2181 μέσση
1020 2098 1054 2162 δέ
1073 2099 1240 2180 μελίσσας,

354 2185 519 2270 Είροποκοι
540 2181 572 2248 δ’
615 2189 656 2259 ἰἐς
675 2185 806 2264 μαλλοῖς
826 2185 1099 2267 καταβεβρίθασιν,

333 2293 335 2300 ’
356 2269 520 2333 Τίκτουσιν
541 2267 576 2332 δί
595 2276 732 2354 γυναῖκες
753 2264 874 2333 ἐοικότα
894 2267 985 2334 τέκνα
1006 2273 1153 2352 γονεῦσιν,

356 2349 531 2418 Θόλλουσιν
552 2349 584 2416 δ’
608 2352 754 2438 ἀγαθοῖσι
776 2351 954 2438 διαμπερές·
977 2351 1045 2416 οὐδ’
1070 2355 1118 2418 ἐπί
1140 2357 1244 2436 νηῶν.

353 2439 539 2516 Νίσσονται,
562 2435 679 2522 καρπὸν
700 2436 735 2500 δέ
754 2436 838 2522 φέρει
861 2439 1004 2520 ζείδωρος
1024 2434 1153 2524 ἀρουρα.
1271 2439 1274 2447 ’
1313 2522 1315 2524 ¹

287 2529 367 2607 nque
388 2523 474 2588 huius
495 2543 626 2596 summae
653 2521 802 2586 felicitatis
824 2521 1002 2586 desiderium
1024 2524 1150 2586 omnium
1173 2521 1286 2586 anbrros
1307 2521 1438 2603 tenebat,

272 2615 299 2672 et
320 2627 375 2693 quo
396 2607 599 2674 vehementius
620 2607 786 2696 praesentis
812 2628 911 2671 rorum
933 2605 1110 2674 conditionis
1130 2607 1256 2671 medium
1277 2627 1329 2672 eos
1343 2629 1438 2696 ,cope-

268 2697 325 2775 rat,
346 2713 382 2758 eo
403 2691 555 2770 laetiorem
577 2713 658 2782 spem
669 2689 963 2756 Saturuiicuinsdam
985 2693 1052 2756 aevi
1072 2691 1265 2780 recuperandi
1284 2690 1437 2756 fovebant.

267 2773 369 2864 ltaque
399 2779 502 2844 comici
528 2787 631 2868 poetae
657 2777 828 2868 saepissime
856 2777 911 2841 hao
938 2798 1008 2866 spe,
1034 2797 1091 2864 qua
1118 2773 1320 2842 Athenienses
1347 2777 1436 2840 etianr

267 2862 298 2925 in
325 2863 461 2928 maximis
482 2885 581 2928 rerum
607 2861 786 2951 publicarum
813 2861 1051 2950 tempestatibus,
1073 2862 1105 2926 in
1127 2861 1313 2949 gravissimis
1336 2860 1436 2925 donre-

268 2947 406 3012 sticorum
426 2947 639 3012 calamitatibus
661 2945 773 3010 animos
795 2945 1022 3010 consolabantur
1042 2953 1072 3012 et
1092 2946 1264 3028 firmabant,
1285 2945 1333 3010 usi
1354 2953 1436 3028 suut,

267 3037 300 3096 ut
324 3031 489 3180 inopinam·
515 3030 598 3096 aurei
626 3029 736 3094 saecoli
757 3029 942 3096 exhiberent.
974 3030 1011 3096 In
1038 3051 1093 3118 quo
1115 3031 1230 3116 quidem
1260 3037 1436 3120 argumento

267 3123 380 3182 tractan
446 3115 540 3180 libere
568 3114 677 3178 versati
707 3121 793 3179 sunt:
835 3114 878 3179 ite
903 3115 982 3180 enim
1009 3117 1178 3180 memoriam
1205 3115 1319 3204 priscae
1351 3113 1436 3180 illins

267 3199 416 3266 taurinus
438 3198 661 3265 conformabant
680 3219 715 3263 ac
735 3198 898 3288 fingebant,
921 3205 952 3265 ut
968 3201 1141 3278 conveniret
1159 3201 1293 3265 instituto
1314 3205 1345 3264 et
1363 3221 1437 3290 pro·

267 3285 363 3373 posito
390 3284 498 3350 veteris
526 3283 703 3349 comoediae.
744 3281 785 3348 Et
806 3282 946 3350 Cratinus
968 3283 1084 3370 quidem
1110 3287 1143 3349 in
1168 3285 1225 3350 hoc
1251 3284 1353 3350 fabula
1372 3287 1437 3373 pri·

267 3391 345 3434 nrum
371 3368 454 3433 aurei
481 3369 547 3436 aevi
574 3367 651 3456 quod
671 3367 742 3434 olim
762 3366 892 3435 Saturno
921 3376 1068 3458 regnante
1095 3370 1193 3435 fuerat
1213 3367 1436 3434 commoditates

266 3453 486 3544 voluptatesque
515 3459 649 3518 accurate
674 3452 791 3519 videtur
816 3453 1025 3544 descripsisse,
1054 3455 1096 3520 ita
1122 3455 1238 3540 quidem
1263 3461 1296 3519 ut
1322 3455 1436 3536 omnia,

267 3538 400 3624 quaeda
425 3538 484 3604 ista
509 3531 650 3604 felicitate
676 3537 863 3623 ferebantur,
890 3539 1072 3630 lepidissime
1099 3548 1259 3606 exornaret
1285 3543 1315 3604 et
1341 3561 1436 3628 saepe

169 3697 172 3702 ,
266 3623 458 3712 amplificaret
485 3629 570 3710 atque
590 3629 729 3713 augeret:
770 3623 890 3690 chorum
910 3632 1007 3692 autern
1028 3624 1161 3708 induxit,
1192 3625 1241 3711 qui
1262 3625 1436 3716 anapaestis

168 3765 170 3769 .
266 3707 430 3776 celebraret
448 3706 618 3774 Saturnium
644 3729 787 3798 regnum:

622 3787 679 3870 Οἷς
699 3791 738 3877 δή
758 3792 902 3874 βασιλεδς
921 3789 1044 3880 Κρόνος
1064 3783 1103 3878 ήν
1121 3791 1157 3858 τό
1178 3788 1318 3874 παλαιόν,

319 3917 322 3924 ,
343 3871 421 3948 Ὅτε,
435 3886 500 3954 τοῖς
520 3873 624 3963 ἀρτοις
645 3873 879 3964 ήστραμάλιζον,
899 3879 994 3961 μᾶζαι
1016 3877 1050 3943 δ’
1074 3880 1107 3944 ἐν
1120 3887 1205 3960 τοῖσι
1226 3878 1438 3965 παλαίστραις
1537 3943 1538 3948 ,

277 4007 279 4012 ,
349 3964 507 4049 Λίχηναΐαι
529 3961 751 4046 κατεβέβληντο
773 3964 948 4050 δρυπεπεῖς,
969 3959 1100 4046 ἀμόλοις
1120 3988 1152 4029 τε
1174 3969 1322 4046 κομῶσαι.

266 4043 326 4110 uid.
347 4043 520 4114 Athenaeus
540 4047 595 4118 vl.
615 4070 645 4138 p.
665 4049 731 4116 267
745 4045 788 4113 E:
815 4047 855 4114 Oi
875 4049 909 4113 δέ
928 4053 983 4134 τῆς
1004 4048 1136 4132 ἀρχαίας
1156 4050 1318 4133 κωμῳδίας
1340 4060 1439 4132 ποιη-

265 4132 316 4196 ταί
338 4133 403 4218 περί
424 4137 480 4198 τοῦ
502 4130 632 4217 ἀρχαίου
653 4133 724 4214 βίου
745 4127 964 4218 διαλεγόμενοι,
992 4129 1038 4199 ὅτι
1067 4131 1124 4198 ota
1150 4125 1187 4216 ἦν
1214 4131 1281 4198 τότε
1310 4129 1439 4198 δοόλων

263 4213 352 4300 χρεία
371 4213 472 4282 τοιοίδ’
495 4218 685 4284 ἐκτίθενται·
706 4221 863 4301 Κρατῖνος
882 4220 938 4300 μέν
958 4219 990 4284 ἐν
1010 4213 1167 4295 Πλοότοις
1186 4223 1250 4285 κτλ.
1271 4239 1375 4284 verum
1399 4219 1438 4283 hi

265 4320 371 4366 uorsus
403 4303 556 4368 obscurius
581 4303 707 4393 probant
735 4299 783 4386 id,
825 4304 902 4391 quod
933 4325 972 4370 ex
998 4301 1149 4370 Athenaei
1175 4303 1274 4370 verbis
1301 4303 1438 4371 dilucide

266 4385 428 4535 expositum
455 4387 550 4452 inisse
570 4387 667 4477 possis
688 4387 850 4454 conficere:
886 4389 981 4476 itaque
1002 4409 1109 4454 uereor
1136 4411 1174 4454 nc
1200 4389 1300 4478 plures
1319 4403 1437 4454 uersus

265 4492 299 4536 su
320 4480 477 4557 sequentes
501 4471 717 4568 interciderint:
762 4473 932 4560 videturque
957 4473 1034 4540 hanc
1060 4475 1228 4565 opinionem
1248 4474 1335 4541 etiam
1362 4475 1438 4566 ipse
