3052 5060
315 269 377 338 nu
396 205 752 350 senecensem.
769 242 881 345 Aah.
898 267 1045 350 asmo
1162 373 1166 379 Ι
1200 275 1265 348 αι

77 443 179 526 bant,
210 439 265 507 sed
292 439 408 524 otium,
428 437 568 524 divitius,
585 437 775 528 uoluptates,
802 431 916 524 sumno
945 439 1044 512 studio
1069 441 1262 538 expetebautr

75 549 165 616 qnae
186 525 303 614 quidem
329 525 467 592 mollities
493 545 556 590 non
581 523 679 614 magis
692 546 741 590 -co
777 546 831 590 ora
856 545 941 612 quam
962 527 1076 592 animos
1098 531 1263 618 enervavit,

76 633 264 712 omnemque
283 611 449 712 uirtutem,
467 615 499 674 et
531 609 737 709 honestatem.
761 607 880 676 unditus
916 610 1046 711 sustulit.
1098 611 1262 712 diescebat

76 705 188 764 autem
208 719 241 762 ru
263 695 326 760 dies
348 701 434 760 aucta
454 693 635 784 voluptatum
656 694 867 794 hbrdrnumque
893 702 1026 762 matema.
1057 693 1152 786 Origo
1171 699 1260 766 huius

76 781 308 871 depravationis
328 779 512 870 potissimum
533 779 852 870 exuimianavigandr
863 781 1070 866 mercandique
1091 783 1261 872 cupiditate,
1390 808 1393 822 ·

75 889 162 954 quae
190 871 327 952 tanquam
353 864 523 954 pestilentia
552 863 651 950 aliqua
676 864 830 930 invaserat
854 862 1073 948 Athenienses,
1099 869 1261 957 repetenda

76 959 140 1018 est.
184 951 263 1016 Nam
292 971 357 1014 cum
384 949 492 1014 multae
518 969 632 1014 merces
655 971 695 1014 ex
720 949 890 1038 peregrinis
911 951 1000 1014 terris
1021 951 1261 1040 imponerentur,

75 1037 280 1101 invitamenta
312 1055 426 1120 quoque
462 1033 589 1124 plurima
621 1033 659 1098 ad
687 1031 835 1102 luxuriam
868 1033 1079 1120 libidinumque
1112 1037 1261 1106 lenocinia

75 1121 322 1187 advehebantur:
352 1119 395 1183 ita
421 1124 454 1184 ut
479 1116 682 1184 Athenienses
714 1119 775 1184 mm
802 1118 979 1185 desidiosam
1006 1119 1260 1210 sumptuosamque

74 1208 175 1272 vitam
197 1205 319 1272 mallent
380 1225 447 1286 ere,
475 1224 561 1290 quam
587 1224 679 1291 agros
707 1203 805 1270 colere
833 1210 883 1269 aut
903 1204 983 1269 aliud
1004 1204 1076 1270 utile
1097 1227 1170 1296 opus
1190 1231 1260 1311 pro.

76 1292 174 1358 literi.
216 1287 342 1354 Accedit
397 1287 452 1370 ud,
474 1287 550 1374 quod
571 1287 725 1378 peregrini
747 1289 835 1354 etism
856 1311 954 1354 mores
976 1295 1063 1376 atque
1084 1289 1259 1384 disciplinae

77 1397 97 1442 a
120 1375 238 1440 civibus
265 1379 335 1439 sunt
359 1380 511 1462 receptae,
537 1373 580 1437 ita
599 1376 801 1438 etmalorum
822 1373 957 1438 instituta
976 1395 1099 1463 prorsus
1120 1379 1259 1468 neglige·

75 1467 197 1526 rentur.
239 1456 328 1524 Adde
358 1458 447 1524 etism
477 1457 568 1539 illud,
600 1457 676 1543 quod
693 1481 769 1526 ¹cum
789 1456 928 1524 Athenae
955 1459 1048 1525 sedes
1072 1463 1158 1560 quasi
1189 1485 1258 1531 esse

76 1543 621 1697 thttltllttlllslllltl?
635 1543 985 1698 λθᾶθλλῖλψίἒωδῗ
1006 1567 1258 1702 istst?

76 1717 207 1797 bantur,
235 1714 285 1800 qui
312 1713 422 1780 divitiis
449 1651 553 1802 opibds
573 1735 610 1777 ue
619 1649 815 1780 latinizantes
826 1651 1071 1786 1biviiildncoltom
1093 1656 1258 1806 victuque

77 1802 180 1889 magis
202 1800 290 1864 etiam
310 1797 520 1888 depravabant.
590 1799 704 1864 rotinus
730 1799 838 1886 igitur,
870 1799 932 1862 anti
951 1821 1006 1863 oae
1032 1799 1206 1890 disciplinae
1226 1812 1258 1870 et

77 1888 242 1976 patriorum
262 1884 462 1948 institutorum
484 1883 644 1948 acerrimus
665 1882 787 1965 vindex,
808 1903 913 1948 causas
933 1819 1021 1953 buius
1043 1906 1156 1952 morum
1177 1907 1256 1953 com-

77 1968 251 2038 mutationis
272 1967 456 2056 corruptelae
475 1989 512 2031 oe
532 1968 650 2033 videon
669 1967 702 2032 in
722 1967 779 2032 hac
799 1967 902 2034 fabula
920 1967 1111 2038 indicavisse.
1152 1971 1256 2074 ltaque

79 2056 202 2120 chorum
222 2055 256 2118 in
277 1988 535 2122 scenaminduxit
553 2053 703 2118 hominum
721 2052 973 2136 effeminatorum,
994 2061 1027 2120 ut
1046 2055 1102 2120 hac
1120 2055 1254 2146 imagine

79 2162 167 2226 quam
187 2160 266 2206 vana
287 2158 429 2226 quamque
456 2137 625 2239 perniciosa
644 2143 725 2204 esset
750 2138 810 2204 ista
836 2138 975 2204 mollities
997 2146 1027 2204 et
1046 2139 1166 2206 luxuria
1184 2164 1254 2232 spe·

79 2232 194 2290 cantes
222 2222 368 2289 edoceret.
409 2221 564 2310 Insignem
591 2223 763 2314 particulam
790 2245 830 2288 ex
857 2223 990 2290 oratione
1018 2223 1101 2292 chori
1121 2227 1254 2296 muravit

78 2309 255 2376 Athenaeus
275 2306 344 2376 XV.
365 2329 395 2395 p.
415 2307 481 2374 685
500 2304 544 2372 B:

163 2393 332 2470 Παντοιόις
352 2416 384 2496 pa
405 2391 468 2479 μὴν
488 2390 624 2478 κεφαλὴν
644 2389 792 2474 άνθδμοις
813 2391 990 2478 Ζρδατομαι,

162 2479 319 2562 Λιιρίοις,
342 2473 463 2562 ρόδοις,
484 2479 631 2566 κρίνεσιν,
653 2473 931 2558 κοσμοσανδάλοις,
954 2479 1023 2558 λὀις,

162 2566 229 2628 Καὶ
251 2561 462 2647 σισυμβρίοις,
484 2560 647 2643 ἀνεμωνῶν
667 2559 768 2639 κάλιξί
785 2557 811 2627 τ’
834 2561 961 2648 ἧριναῖς,

158 2645 342 2734 Ἕρνιάλλῳ,
364 2644 499 2730 κρόκοις,
520 2643 728 2724 δακίνθοισιν,
749 2645 913 2734 ἑλιχρύσου
934 2643 1061 2730 κλάδον,

167 2729 371 2816 Οἰνάνθησιν,
391 2729 597 2818 ἡμεροκαλλεῖ
611 2756 644 2797 τε
669 2737 714 2820 τῷ
736 2732 921 2820 φιλουμένῳ,

287 2797 294 2818 ⁶
411 2815 417 2838 ι

157 2815 351 2904 {dodobertus
373 2823 474 2902 popl„
687 2881 690 2892 ,

165 2909 220 2991 Τῷ
234 2902 259 2968 τ’
274 2898 451 3010 ἀειφρούρῳ
472 2897 630 2987 μελιλώτῳ
651 2891 733 2986 κάρα
754 2898 942 2984 πυκάζομαι·

105 3024 107 3028 ·
161 2989 231 3052 Καί
249 3013 303 3070 μοι
325 3011 448 3063 κυκισος
469 2983 644 3067 αὐτόματος
669 2984 755 3072 παρὰ
776 2987 940 3064 Μέδοντος
960 2987 1091 3070 ἔρχεται.

80 3073 155 3140 Sunt
174 3075 207 3142 hi
235 3095 339 3139 versus
367 3095 407 3138 ex
426 3073 491 3162 ipsa
511 3071 651 3160 parabasi
671 3073 768 3160 petiti:
796 3073 988 3162 coryphaeus·
1003 3075 1151 3142 homiuum
1173 3073 1250 3145 effe-

80 3161 267 3240 minatorum,
295 3165 381 3246 caput
406 3157 499 3223 variis
520 3157 642 3222 floribus
664 3157 834 3242 redimitus,
861 3159 1100 3247 adspectatores
1123 3181 1247 3228 couver-
1354 3201 1355 3207 κ

80 3268 129 3311 sus
154 3245 229 3309 haec
253 3243 390 3330 loquitur.
434 3242 571 3310 Comicus
602 3242 680 3306 enim
709 3247 797 3332 poeta
817 3244 972 3330 exagitare
997 3244 1091 3310 voluit
1110 3245 1247 3314 insanam

78 3330 222 3396 luxuriam
244 3336 274 3394 et
294 3329 445 3394 molhtiem
465 3327 710 3409 Atheniensium,
732 3329 946 3413 quimaximos
967 3338 1079 3401 sumtus
1099 3329 1152 3396 illo
1173 3341 1247 3398 tem-

78 3439 148 3507 pore
167 3416 267 3482 lacere
288 3413 424 3488 solebant
442 3415 476 3480 in
496 3413 587 3478 flores
608 3419 694 3498 atque
722 3413 867 3495 corollas,
888 3413 930 3478 ita
952 3420 982 3478 ut
1002 3413 1035 3478 in
1054 3412 1111 3480 hac
1132 3437 1247 3502 quoque

78 3525 126 3584 re,
152 3506 184 3564 ut
203 3498 355 3564 inmultis
376 3497 459 3581 aliis,
487 3498 525 3563 ad
544 3497 762 3565 Parisiensium
783 3519 880 3562 mores
901 3499 1035 3586 proxime
1055 3501 1246 3566 accesserint.

78 3587 123 3652 Eo
142 3587 206 3686 ipso
227 3585 456 3676 nomineetiam
476 3583 674 3680 Pherecrates
691 3583 726 3647 in
746 3582 852 3648 Persis
879 3583 976 3648 facete
994 3604 1067 3650 suos
1086 3585 1244 3676 populares

79 3676 357 3838 englldticoboixac
376 3733 435 3833 μὲν
453 3715 577 3836 ἕξερδιν,
599 3749 757 3817 σἰναανίων
778 3747 810 3818 δ’
832 3745 995 3832 altissodor,
1067 3777 1072 3785 ·
1095 3784 1098 3792 ·

158 3841 224 3906 llas
244 3833 441 3931 μελιλῷτινον
461 3841 564 3902 λαλῶν
585 3839 637 3901 καλ
659 3833 737 3924 ῥάδα
758 3835 970 3926 προσεσηρώς.·

152 3916 193 3988 Ὦ
214 3927 316 4013 pulosia
333 3922 390 4006 μὲν
410 3915 585 4010 ἀμάρακον,
612 3927 784 4011 προσκινῶν
804 3923 838 3988 δὲ
859 3922 1014 4027 σέλινα,’)
1087 4003 1094 4013 .
1185 3968 1186 3972 ,

114 4297 121 4312 .
142 4228 170 4296 ·)
183 4195 372 4310 ,Προσκινρῖν
384 4224 416 4280 δὲ
434 4227 528 4282 σέλινα
544 4229 583 4283 ita
606 4229 806 4314 explicant2·,ut
822 4199 936 4313 obscene
952 4205 1080 4312 putemur
1096 4230 1181 4306 subsit
1202 4230 1241 4286 si

78 4298 224 4365 gnrfimuo,
239 4295 286 4349 sed
309 4311 332 4354 ss
348 4297 525 4357 ennensi
546 4298 680 4367 tuleqmd
700 4299 817 4354 rudrmre
833 4302 974 4371 actuasset,
996 4315 1052 4352 nen
1071 4313 1240 4372 πρυσκινων,

80 4368 126 4421 sed
140 4363 225 4419 κινῶν
241 4359 361 4420 dixisset.
391 4365 487 4443 Neque
512 4367 635 4434 congruit
656 4366 722 4436 haee
739 4368 969 4444 obscenitsscum
986 4367 1088 4442 reliqua
1110 4369 1241 4428 oratione:
