3096 5062
281 295 345 388 ios
661 317 1060 389 commoririouus

281 486 420 558 demisit
454 493 550 554 cutem
579 485 686 554 Crates
716 488 836 577 propius
871 486 907 554 ad
935 486 1054 552 Siculae
1084 487 1251 552 comoediae
1283 489 1440 568 rationem,

304 597 369 640 uani
395 572 535 640 Cratinus
566 583 616 636 eut
642 573 717 637 alius
749 574 813 658 quis
841 572 957 639 Atticae
982 573 1147 638 comoediae
1172 579 1272 660 poeta:
1304 572 1336 636 id
1361 573 1440 657 qnod

282 597 460 724 diistoteles
487 677 599 743 quoque
631 658 664 722 in
690 664 753 722 arte
780 658 892 746 poetica
918 659 986 724 cd
1012 657 1219 742 quodammodo
1244 657 1439 744 significavit:

284 765 310 808 c.
329 745 367 809 ⁵:
411 746 477 806 Τοῦ
500 743 533 805 δὲ
556 737 678 821 μίθους
706 751 800 806 ποιεῖν
817 740 1008 824 Ἐπίχαρμος
1033 744 1084 804 καί
1109 739 1229 822 Φόρμις
1248 732 1358 825 ἦρξαν·
1402 739 1439 804 τὸ

281 827 337 909 μίν
364 817 419 890 οὖν
443 829 476 901 ἐξ
502 825 597 910 ἀρχῆς
623 829 656 892 ἐκ
682 823 825 902 Σικελίαξ,
845 818 937 908 ἦλθε·
979 831 1040 890 τῶν
1065 827 1099 889 dl
1121 822 1285 910 Ἀθήνῃσιν
1310 821 1441 909 Κράτης

281 916 402 996 πρῶτος
426 902 526 994 ἦρξεν,
547 909 696 994 ἀφίμινος
716 917 770 991 τῆς
791 914 935 992 ἰαμβικῆς
955 911 1039 985 ἰδίας
1059 907 1198 974 καθόλου
1215 916 1310 974 ποιεῖν
1330 906 1440 994 λόγους

282 994 449 1079 ἢμίθους.
476 995 626 1060 Referunt
645 997 718 1060 haec
740 995 776 1060 ad
797 1017 825 1060 ni
849 997 989 1060 thicarum
1010 993 1175 1060 fabularum
1196 1016 1303 1082 genus,
1324 995 1360 1059 de
1382 1016 1438 1080 quo

280 1080 497 1169 supradictum
518 1087 577 1144 cst:
605 1089 636 1144 at
656 1080 774 1146 iniuria.
851 1080 926 1144 elius
947 1079 1137 1163 Meineliios‚
1168 1080 1215 1144 vir
1239 1100 1385 1160 summus,
1405 1081 1439 1143 iii

150 1197 160 1220 ·
280 1164 498 1239 QuaestSeen.
519 1163 544 1228 l.
565 1186 594 1252 p.
605 1167 648 1229 20
669 1164 706 1230 de
725 1165 782 1228 hoc
802 1164 866 1229 loco
886 1163 1035 1248 iudicavit,
1062 1165 1111 1264 pui
1131 1163 1200 1246 „Ac
1220 1165 1292 1230 mihi
1312 1164 1439 1248 quidem,

278 1250 388 1334 iuquit,
415 1249 471 1313 hoc
491 1247 669 1313 Aristoteles
695 1248 866 1336 significare
893 1249 1021 1314 voluisse
1047 1249 1177 1331 videtur,
1204 1271 1268 1314 cum
1297 1247 1438 1314 Cratinus

279 1336 425 1419 ceterique
447 1334 625 1418 antiquiores
646 1333 748 1398 comici
768 1340 864 1398 certos
880 1335 1017 1418 quosdam
1039 1333 1172 1399 homines
1193 1335 1226 1398 in
1246 1333 1353 1398 sabulis
1375 1334 1438 1397 suis

279 1441 325 1484 eii·
359 1419 484 1482 ‘lassent
512 1418 675 1507 populoque
705 1418 844 1482 ridendos
875 1419 1097 1517 propinassent,
1133 1417 1282 1484 Cratctem
1313 1419 1438 1506 primuni

279 1439 369 1592 april
366 1502 568 1568 Athenienses
589 1501 751 1584 exstitisse,
772 1503 821 1587 qui
830 1501 999 1591 Epicharmi
1020 1503 1154 1592 exemplo
1175 1503 1302 1568 comicae
1321 1502 1438 1591 poesios

278 1587 429 1654 materiam
457 1609 476 1651 a
501 1587 686 1675 singulorum
718 1587 866 1652 hominum
897 1587 1036 1652 irrisione
1068 1587 1106 1652 ad
1138 1587 1295 1675 generales
1326 1607 1439 1652 moruni

278 1672 444 1738 notationes
470 1693 625 1758 rerumque
653 1671 864 1760 descriptiones
891 1672 1069 1750 traduceret,
1096 1692 1218 1757 quarum
1239 1693 1303 1736 cum
1325 1671 1439 1736 aliase

279 1757 423 1823 communi
443 1756 592 1822 hominum
612 1756 684 1838 vita,
705 1756 779 1821 alias
801 1763 895 1822 autem
917 1779 934 1821 e
955 1780 983 1822 ni
1006 1757 1148 1822 thicarum
1168 1757 1332 1822 fabularum
1355 1755 1440 1842 cyclo

299 1843 427 1924 etiisset,
454 1863 515 1906 non
535 1841 612 1906 niele
635 1851 666 1906 ut
685 1842 817 1926 equidem
844 1841 949 1929 opinor
1016 1841 1146 1906 ‘totelcs
1170 1840 1318 1907 Cratetem
1338 1837 1440 1905 καθό-

278 1863 335 1992 loo
356 1925 465 2011 λόγους
479 1924 499 2009 ἢ
515 1923 639 2007 μύθους
660 1933 783 2008 ποιῆσαι
803 1927 982 2014 perhibuit“
1003 1947 1232 2013 quemquamne
1254 1925 1301 1990 his
1322 1923 1439 2011 quidem

278 2012 359 2078 omni
379 2019 523 2098 exparte
543 2033 662 2101 possum
684 2012 833 2078 assentiri.

362 2094 540 2162 Aristoteles
568 2118 632 2162 cuni
665 2095 717 2160 illo
749 2096 813 2162 loco
839 2095 898 2160 viiii
926 2102 955 2160 et
986 2101 1120 2160 naturam
1151 2095 1317 2160 comoediae
1348 2093 1440 2160 vellet

279 2179 457 2270 explanare,
483 2201 544 2246 non
571 2181 665 2270 potuit
690 2182 748 2246 ists
773 2183 888 2246 ratione
915 2181 973 2262 uti,
1000 2201 1056 2266 qus
1083 2201 1171 2244 unuin
1198 2180 1315 2266 aliquod
1341 2200 1437 2268 genus

278 2274 533 2352 argumentorum,
559 2265 636 2350 quod
656 2265 805 2330 comoedia
831 2271 958 2330 uacmre
985 2265 1072 2330 solita
1092 2271 1175 2347 eret,
1195 2272 1332 2350 tanquam
1356 2265 1438 2351 priu-

278 2349 384 2437 cipium
418 2370 614 2434 summamque
646 2357 832 2437 proponeret
873 2348 917 2414 At
948 2350 1028 2414 notio
1060 2349 1140 2414 illius
1170 2350 1304 2416 vocabuli
1333 2353 1438 2434 μῦθος

278 2432 354 2522 apud
365 2432 555 2498 Aristotelem
577 2432 720 2498 latissime
736 2441 830 2522 patet3
851 2433 1046 2515 μῦθονοοίιο
1066 2441 1153 2499 vocat
1162 2434 1194 2500 id
1204 2434 1279 2519 quod
1292 2434 1328 2498 iili
1344 2435 1355 2498 i
1375 2434 1437 2500 sius

277 2523 382 2606 poetae
396 2517 518 2604 ingenio
539 2517 688 2582 inventum
701 2525 747 2584 est
756 2518 841 2604 atque
862 2517 1070 2606 excogitatum,
1091 2519 1188 2584 lictum
1200 2455 1437 2605 quasiquoddum

276 2602 465 2668 simulacrum
489 2602 584 2684 vitae,
609 2602 695 2687 idque
715 2624 857 2668 summum
885 2623 952 2668 esse
978 2603 1145 2668 contendit:
1169 2604 1202 2668 in
1228 2613 1331 2693 poetae
1358 2603 1438 2671 enini

277 2693 375 2752 mente
400 2686 511 2752 insidet
531 2687 632 2752 divina
657 2687 797 2774 quaedam
826 2687 939 2777 species
959 2687 1094 2753 veritatis
1120 2690 1241 2788 eiusque
1266 2689 1363 2753 aninio
1384 2688 1437 2752 oli-

277 2777 429 2854 veisetur,
461 2771 499 2838 ad
521 2772 603 2838 cuius
629 2771 847 2838 similitudinem
873 2793 977 2860 poeina
1002 2773 1086 2858 quasi
1111 2773 1271 2873 imaginem
1292 2771 1437 2873 quandem

277 2856 454 2939 conformat,
484 2857 527 2922 ita
552 2864 585 2922 ut
604 2857 678 2921 haec
699 2879 773 2944 quoe
799 2857 854 2923 suli
876 2857 976 2922 oculos
1003 2857 1080 2923 cadit
1105 2858 1223 2957 effigies
1254 2857 1377 2922 imitatio
1397 2857 1437 2922 sil

276 2941 425 3042 perfectae
451 2941 532 3006 illins
560 2942 685 3030 speciei,
714 2963 788 3028 quae
809 2947 906 3007 mente
932 2948 1043 3006 tantuin
1065 2947 1095 3007 et
1120 2951 1235 3007 radone
1255 2942 1435 3006 continetur:

275 3034 373 3111 itaque
397 3046 453 3112 quo
483 3027 603 3116 propius
637 3034 762 3091 externa
785 3025 839 3090 illa
863 3026 959 3091 forma
990 3025 1028 3090 ad
1058 3027 1152 3116 ipsam
1177 3026 1257 3092 illam
1283 3027 1437 3092 veritatem

277 3111 403 3192 accedit,
444 3130 493 3175 eo.
507 3111 638 3200 pulcrius
667 3117 772 3200 poetae
797 3111 950 3198 ingenium
977 3131 1044 3176 esse
1076 3111 1215 3176 dicimusz
1256 3111 1313 3176 hoc
1342 3111 1353 3176 i
1378 3113 1437 3176 'tnr
1530 3121 1531 3126 ’

277 3193 353 3278 quod
379 3201 466 3284 poete
492 3195 576 3281 quusi
603 3217 697 3260 exse
723 3217 833 3281 suoque
859 3194 982 3283 ingenio
1027 3195 1105 3277 etiit,
1135 3195 1173 3260 sd
1198 3195 1328 3260 ultimam
1388 3217 1435 3260 ani

276 3279 403 3366 speciem
423 3279 487 3344 redi
511 3303 582 3362 eiii,
602 3301 663 3344 non
684 3280 893 3368 contemplatus
914 3215 1025 3365 aliquid
1043 3280 1075 3344 iii
1095 3302 1194 3344 rerum
1216 3280 1372 3362 varietate,
1397 3278 1436 3345 ad
1527 3271 1530 3294 “

275 3361 357 3426 cuius
369 3301 587 3430 similitudinem
600 3371 691 3430 arteni
705 3365 909 3440 conformaret,
921 3371 1042 3428 uocetur
1051 3363 1087 3429 ali
1094 3363 1256 3430 Aristotele
1265 3369 1379 3445 μῦθος,
1392 3363 1436 3428 uti

276 3453 323 3512 est
343 3469 368 3515 c.
382 3450 414 3530 6,
436 3449 485 3512 ubi
507 3449 543 3514 de
564 3449 718 3536 tragoedia
737 3447 928 3538 philosophus
949 3448 1082 3513 disserit:
1096 3446 1200 3514 Ἔστι
1221 3447 1262 3513 δὲ
1281 3453 1349 3531 τῆς
1367 3449 1436 3529 μίν

275 3527 445 3615 πράξεως
466 3527 483 3598 ὃ
503 3539 630 3614 μῦθος
648 3535 827 3616 μίμησις·
853 3532 946 3616 λέγω
971 3531 1041 3618 γὰρ
1061 3537 1190 3615 μῦθον
1209 3538 1342 3610 τοῦτο,
1367 3531 1436 3616 τὴν

275 3613 466 3682 σύνθεσιν
485 3623 559 3682 τῶν
579 3615 821 3706 πραγμάτων.
843 3624 873 3682 et
892 3618 973 3682 infra
985 3617 1143 3702 Μέγιστον
1163 3618 1197 3682 δὲ
1216 3615 1333 3683 τούτων
1353 3619 1436 3684 ἐστίν

274 3697 294 3782 ἦ
320 3705 382 3766 τῶν
407 3699 594 3788 πραγμάτων
621 3700 781 3780 σύστασις·
811 3698 831 3786 ἦ
852 3701 911 3790 γὰρ
937 3705 1093 3788 τραγωδία
1118 3703 1245 3786 μίμησίς
1270 3705 1352 3768 ἐστιν
1377 3701 1435 3768 οὐκ

274 3781 464 3872 ἀνθρώπων,
490 3783 732 3898 ιξλλὰῐπργίξεων
758 3788 808 3898 pal
828 3789 899 3868 βίον
927 3791 977 3898 καί
1004 3765 1198 3897 είδαιμονίαρ
1217 3789 1267 3851 καί
1289 3788 1437 3853 κακοδαι-

273 3873 532 4062 tritaet}
553 3869 1079 4044 &illitalelllol'illliif
1086 3871 1437 4041 ’uttsstttoffl

274 4041 326 4103 καί
347 4065 364 4104 ο
384 4035 490 4123 μῦθος
509 4065 528 4106 τ
562 4067 596 4118 ος
615 4049 670 4124 τῆς
690 4043 873 4130 τραγῳδίας.
894 4050 924 4108 et
944 4043 1064 4110 deinde:
1090 4042 1180 4126 Πρὸς
1200 4042 1235 4106 δὲ
1253 4038 1374 4118 τούτοις
1394 4041 1437 4106 τὰ

273 4121 471 4207 μίγιστααῖς
491 4123 706 4211 ψυχαγωγεῖἧ
727 4128 900 4213 τραγῳδία,
928 4132 983 4191 τοῦ
1002 4125 1109 4210 μύθου
1129 4127 1208 4214 μίρη
1229 4127 1325 4204 ἐστίν,
1347 4126 1383 4190 οἵ
1401 4149 1435 4191 τε

273 4208 454 4294 περιπέτειαι
475 4213 525 4275 καί
547 4211 775 4296 ἀναγνωρίσεις·
803 4211 847 4278 ἔτι
875 4219 1013 4294 σημεῖον,
1029 4208 1087 4277 Ιὅτι
1109 4213 1160 4274 καί
1182 4211 1212 4276 ol
1232 4211 1435 4297 ἐγχειροῦντες

272 4302 381 4372 ποιεῖν,
403 4290 550 4381 πρότερον
570 4293 714 4360 δύνανται
735 4301 773 4382 τῇ
794 4297 870 4372 λίξει
890 4299 941 4360 καί
967 4305 1031 4374 τοῖς
1050 4294 1158 4379 ἤθεσιν
1179 4294 1325 4380 ἀκριβοῦν
1351 4292 1371 4378 ἢ
1393 4296 1435 4360 τὰ

273 4374 438 4466 πράγματα
458 4381 679 4446 συνίστασθαι·
701 4375 767 4447 οἷον
787 4383 836 4446 καί
849 4381 879 4446 ol
900 4383 1013 4466 πρῶτοι
1032 4380 1273 4464 ποιηταίσχεδὸν
1292 4377 1433 4457 ἅπαντες.
