3052 5060
340 295 401 365 DE
421 295 563 372 Rumrtl.
586 291 773 364 COMOED.
794 293 900 364 ΑΤΤ.
921 295 1067 374 ANTltl.
1224 299 1287 367 tou

119 465 305 548 emendaret,
328 487 402 551 aque
423 464 471 530 dei
492 464 596 529 notitia
617 470 647 530 et
667 463 858 529 veneratione
879 465 1078 548 abstraheret,
1105 486 1179 552 quae
1206 473 1288 534 esset

117 569 190 617 nata
203 551 240 616 ad
257 551 351 616 divini
367 550 496 624 numinis
507 555 680 637 potestatem
691 548 909 614 illustrandam:
929 552 1027 699 itapue
1043 572 1104 615 non
1114 551 1225 617 iniuria
1241 553 1287 617 illi

138 636 287 725 bilosophi
308 657 422 700 omnem
447 635 501 700 reli
538 655 623 700 onem
644 633 808 720 cultumque
828 633 947 699 deorum
991 635 1108 700 unditus
1131 637 1289 702 sustulisse
1321 653 1331 670 ‘

159 721 213 786 biti
227 728 305 786 sunt.
333 657 597 789 Verissimeffilato
616 718 653 784 de
666 718 804 807 Legibus
819 718 888 783 ΧΠ.
902 741 929 830 p.
941 719 1005 785 967
1015 719 1063 784 E:
1079 715 1118 788 ‘0
1132 722 1192 806 γὰρ
1214 721 1289 786 ίδῶν

114 812 219 872 ταῦτα
239 805 283 888 μὴ
311 802 437 890 φαύλως
457 801 534 887 μηδ’
559 806 732 879 ἰδιωτικῶς,
761 803 860 882 οὐδεὶς
881 829 979 880 ουτως
998 801 1093 882 άθεος
1113 804 1289 892 ἀνθρώπων

114 894 194 956 ποτέ
214 891 362 976 πέφυκεν,
393 885 427 966 ὃς
449 886 484 953 οὗ
511 887 689 953 τούναντίον
719 886 836 952 έπαθεν
856 885 875 971 'a'
897 888 932 953 τὸ
954 887 1208 976 προσδοκώμενον
1228 889 1289 958 ἀπὸ

114 982 182 1042 τῶν
209 979 346 1040 πολλῶν·
379 973 409 1038 οἳ
428 974 484 1055 μέν
504 972 563 1059 γδρ
585 975 779 1038 διανοοῦνται
805 972 879 1048 τοδς
904 973 1094 1040 τὰτοιαῦτα
1118 1001 1290 1061 μεταχειρι-

114 1059 272 1143 σαμένους
298 1057 486 1148 ἀστρονομία
511 1082 544 1124 τε
564 1061 616 1124 καί
646 1066 713 1133 ταῖς
738 1056 817 1139 μετά
836 1055 951 1142 ταύτης
976 1059 1155 1144 ἀναγκαίαις
1182 1061 1291 1141 ἀλλοις

114 1146 239 1229 τέχναις
267 1143 383 1219 ἀθέους
409 1145 582 1227 γίγνεσθαι,
624 1139 865 1225 καθεωρακότας
895 1139 937 1219 ῶς
969 1140 1034 1209 οίίν
1067 1169 1099 1210 τε
1130 1144 1290 1230 γιγνόμενα

115 1230 268 1316 ἀνάγκαις
301 1225 477 1316 πράγματ’,
511 1226 583 1292 ἀλλ’
614 1225 650 1292 οὗ
682 1229 831 1304 διανοίαις
861 1224 1037 1314 βουλήσεως
1063 1228 1193 1314 ἀγαθῶν
1221 1234 1290 1319 πέρι

105 1316 325 1396 τελουμένων·
348 1318 413 1377 κτλ.
429 1313 480 1377 ubi
506 1335 570 1378 cum
593 1311 719 1378 dixisset
738 1313 929 1413 philosophos
951 1315 1168 1382 amultitudine
1188 1319 1291 1409 impie·

117 1403 191 1468 tatis
221 1399 388 1466 insimulari
408 1397 511 1462 solitos
532 1419 601 1462 esse
623 1406 654 1464 et
679 1399 795 1487 priores
816 1399 1007 1488 philosophos
1032 1424 1131 1466 rerum
1154 1411 1289 1471 naturam

118 1508 197 1574 quae
219 1491 300 1550 esset
320 1506 380 1548 non
401 1485 609 1572 perspexisse,
636 1491 722 1569 atque
743 1503 833 1572 saepe
854 1485 913 1549 sibi
934 1483 1123 1552 adversantia
1143 1487 1290 1573 docuisse,

117 1571 257 1638 veritatis
279 1577 377 1634 muron
398 1568 523 1654 aliquam
545 1569 671 1658 speciem
688 1567 854 1650 divinasse,
876 1591 931 1654 qno
973 1571 1069 1636 uidem
1090 1574 1208 1638 nomine
1229 1597 1291 1640 ma·

118 1657 204 1724 xime
215 1659 430 1764 Anaxagoram
451 1659 545 1734 notat,
567 1652 674 1718 deinde
695 1653 809 1742 pergit:
834 1653 929 1720 Ταῦτ’
952 1590 989 1738 lv
1009 1655 1048 1720 τὰ
1069 1652 1136 1721 τότε
1158 1659 1288 1746 ίξειργα-
1341 1655 1343 1668 ’

9 1803 10 1812 ,
120 1741 221 1823 σμίνα
243 1744 359 1816 πολλας
372 1735 545 1820 ἀθεότητας
565 1739 616 1800 καί
638 1737 813 1822 δυσχερείας
832 1744 894 1804 τῶν
914 1736 1063 1805 τοιούτων
1075 1739 1240 1808 ἅπτεσθαι.
1262 1751 1293 1810 et

121 1827 161 1892 ob
183 1826 214 1892 id
235 1826 330 1914 ipsum
352 1823 436 1890 docet
461 1821 652 1912 philosophos
674 1845 693 1886 a
712 1823 808 1912 poetis
835 1826 1032 1913 reprehensos
1055 1849 1138 1892 esse:
1165 1831 1230 1894 Kal
1252 1829 1292 1914 δή

9 1911 10 1956 ³
118 1913 176 1978 καί
207 1905 404 2013 λοιδορήσεις,
421 1931 453 1992 γε
485 1909 623 1990 ἐπῆλθον
649 1917 804 1990 ποιηταῖς,
846 1909 919 1986 τοδς
949 1915 1196 1997 φιλοσοφοῦντας
1222 1918 1292 1980 κυσί

9 2027 10 2034 “
120 1996 271 2081 ματαίαις
297 1993 504 2069 ἀπεικάζοντες
533 1989 738 2074 χρωμέναισιν
762 1989 892 2070 baanae
922 1995 1098 2084 (legendum
1123 1999 1294 2083 χρωμένοι.

120 2082 188 2168 σιν)
216 2102 290 2166 quae
311 2079 439 2146 fortasse
470 2097 511 2141 ex
532 2075 685 2164 Aeschylo
712 2084 781 2143 snnt
800 2079 908 2167 petita,
938 2081 1081 2166 siquidem
1108 2082 1173 2148 isa
1202 2087 1293 2151 verba

123 2167 258 2234 servavit
276 2163 389 2244 Plato„
404 2161 553 2228 simillima
574 2169 670 2228 autem
691 2161 765 2230 haec
786 2171 856 2229 aunt
875 2166 929 2248 iis,
951 2187 1025 2252 quae
1047 2167 1084 2232 de
1104 2105 1232 2258 llepnbl.
1252 2170 1292 2237 X.

123 2274 154 2360 p.
175 2253 239 2316 607
251 2248 298 2315 ί).
320 2247 409 2314 dixit:
436 2245 659 2332 Προσείπωμεν
686 2248 720 2312 δέ
741 2246 835 2334 αιἰτῇ,
860 2247 905 2333 μή
927 2253 981 2314 καί
1004 2275 1072 2315 τινα
1099 2251 1294 2342 σκληρότητα

9 2411 10 2426 ἦ
123 2341 213 2421 ημῶν
240 2336 290 2399 καί
313 2329 482 2419 ἀγροικίαν.
498 2335 639 2420 καταγνῷ
645 2380 655 2410 ,
683 2329 730 2398 ὅτι
757 2333 873 2398 παλαιὰ
900 2337 957 2416 μέν
976 2361 1023 2413 τις
1048 2339 1184 2426 διαφορὰ
1206 2345 1294 2447 φιλο.

123 2421 223 2511 σοφίᾳ
243 2443 275 2494 τε
297 2421 349 2482 καλ
376 2421 531 2503 ποιητικῇ·
560 2419 611 2481 καί
631 2416 690 2503 γάρ
717 2414 737 2501 ἢ
759 2419 950 2504 λακέρυζα
978 2421 1076 2505 πρὸς
1102 2428 1295 2492 deonotus

125 2505 226 2576 κάων
252 2505 347 2586 ἐκείνη
374 2498 639 2587 κραυγάζουσα
665 2503 717 2568 καί
741 2503 834 2589 μέγας
858 2507 890 2570 ἓν
911 2505 1056 2592 ἀφρόνων
1076 2513 1294 2598 κενεαγορίαισι

124 2593 178 2659 καί
200 2587 217 2655 ὅ
238 2593 300 2654 τῶν
312 2586 377 2653 Διά
387 2593 494 2673 σοφῶν
515 2585 605 2670 ἀχλος
626 2593 747 2674 κρατῶν
768 2593 818 2654 καί
831 2590 860 2654 οἳ
880 2595 996 2668 λεπτῶς
1015 2602 1226 2676 μεριμνῶντες,
1248 2595 1295 2663 ὅτι
1316 2603 1321 2610 ’

125 2675 189 2764 ἀρα
210 2674 350 2740 πένονται
372 2675 423 2736 καὶ
445 2671 525 2736 ἀλλα
540 2673 638 2757 μυρία
658 2682 770 2755 σημεῖα
791 2679 925 2752 παλαιᾶς
946 2677 1148 2758 ἐναντιώσεως
1167 2679 1294 2748 τούτων.

125 2784 202 2850 qnae
231 2761 347 2846 quidem
372 2758 496 2822 crimina
521 2779 560 2822 ex
586 2757 764 2846 lyricorum,
794 2759 853 2823 alia
884 2783 923 2825 ex
949 2764 1144 2850 tragicorum,
1170 2767 1229 2833 alia
1255 2789 1295 2836 ex

126 2847 303 2914 comicorum
323 2851 475 2934 poetarum
496 2841 673 2907 carminibus
695 2844 786 2931 petita
806 2865 874 2908 esse
894 2845 1041 2910 videntur.
1074 2848 1115 2914 Et
1135 2849 1294 2941 Euripides

127 2953 258 3020 qnoque,
279 2931 349 2994 licet
369 2950 409 2994 ex
430 2927 633 3016 Anaxagorae
660 2927 816 3018 disciplina
841 2930 989 3018 prolecbus
1010 2932 1085 2997 nihil
1106 2943 1228 3002 naturae
1248 2939 1295 3004 in·

126 3016 326 3103 vestigatione
352 3013 475 3096 melius,
502 3013 578 3078 nibil
604 3011 721 3078 felicius
751 3020 802 3083 aut
828 3016 957 3080 sanctius
984 3018 1213 3105 existimaverit,
1236 3023 1297 3094 vid.

126 3121 327 3268 vempzpppos
350 3097 561 3207 {domenati
583 3090 692 3246 Stlroin.
714 3098 768 3170 lv.
789 3121 819 3192 p.
840 3100 904 3168 aad
925 3100 1028 3168 affert:

287 3211 316 3250 ιο
354 3209 419 3248 οστι
452 3209 484 3250 τι
520 3207 590 3250 ιοτο
624 3209 644 3248 ο

192 3270 302 3353 Ἔσχε
317 3210 466 3352 διάθησςιν,
480 3210 507 3268 κς
593 3209 610 3270 ρ
645 3209 661 3262 ς

201 3354 306 3438 Μήτι
328 3359 461 3420 πολιτῶν
482 3355 530 3420 tut
552 3350 715 3440 appamiae]
789 3364 791 3370 ’

215 3437 311 3522 Μήτ’
336 3442 378 3519 εἰς
398 3439 523 3517 ἀδίκους
543 3437 665 3524 πράξεις
687 3419 799 3524 ἀρμῶν,

207 3524 296 3595 Ἀλλ’
319 3521 482 3605 ἀθανάτου
503 3530 649 3612 καθορῶν
670 3523 791 3612 φάσεως

184 3608 346 3694 ιΚάσμον
365 3607 497 3698 ἀγήρω,
541 3679 547 3688 ,
615 3665 619 3673 .

214 3699 269 3779 Πῆ
290 3719 325 3762 τε
344 3695 472 3778 συνέστη
494 3695 544 3758 καί
567 3689 627 3777 άπη
649 3697 701 3758 καὶ
721 3691 817 3771 ὅπως·

48 3787 50 3796 ⁴
155 3855 159 3864 ,
217 3787 293 3858 Τοῖς
314 3781 348 3849 δὲ
368 3777 683 3856 τοιοάτοις·οάδέποτ’
708 3783 843 3868 αἰσχρῶν

207 3864 327 3952 Ἔργων
346 3867 501 3949 μελέτημα
522 3867 666 3948 προσίζει.
682 3920 689 3932 ,,
721 3913 724 3922 ,
1226 3897 1230 3906 ·

130 3954 209 4025 idem
229 3960 328 4018 tamen
349 3953 510 4018 cavendnm
531 3971 599 4018 esse
620 3947 788 4020 mauritan
810 3950 897 4018 nimis
924 3956 1054 4018 tortuosa
1074 3952 1177 4017 harum
1198 3957 1297 4024 rerum

152 4039 380 4124 erscrotatiouc,
410 4059 484 4124 quae
504 4035 595 4125 impia
616 4035 656 4098 sit
675 4041 830 4122 rectaeque
851 4037 960 4112 rationi
981 4037 1168 4119 adversetur,
1195 4047 1297 4104 contra

131 4062 235 4192 latices
257 4143 342 4204 esse,
363 4123 413 4208 qui
432 4142 532 4188 rerum
553 4128 687 4186 naturam
709 4141 744 4184 eo
765 4142 822 4206 quo
863 4143 897 4187 ar
917 4129 963 4187 est
983 4123 1080 4198 animo
1102 4131 1214 4188 contem
1246 4126 1298 4207 ati,

133 4209 233 4385 &ripa
243 4207 439 4360 ppppideutia
459 4205 770 4277 omniaadministrari
790 4143 1006 4289 intellexerint,
1027 4206 1087 4272 vid.
1100 4205 1194 4274 Clam.
1237 4210 1297 4275 lex.
1377 4231 1379 4236 ’
