3000 5048
349 331 572 420 nummo.
594 294 1075 419 conueniendum.
1230 337 1297 410 ms

127 495 346 602 Aiistophanes
367 511 398 576 in
420 511 605 598 Lysistrata‚
626 509 675 574 ubi
697 507 873 598 Spartanam
895 505 1189 590 mrdiarem'indneih
1209 508 1296 574 istam

128 597 368 665 consuetudinem
389 604 523 662 accurate
544 595 702 684 expressit,
724 595 764 658 uti
786 615 815 659 v.
836 590 877 658 81
899 594 1040 684 Lampito
1059 593 1144 684 dicit:

533 693 635 761 Μάλα
654 693 713 781 γὰρ
734 696 790 761 olei
811 696 861 760 ναί
882 690 949 760 eard.

130 787 161 847 et
180 801 211 848 r.
229 779 307 848 1⁵⁵:

208 859 248 931 ‘0
267 869 330 949 γῶν
350 859 512 939 Μενέλαος
530 868 587 940 τᾶς
602 857 725 940 Ἑλένας
750 861 788 928 τὰ
809 858 895 946 μᾶλά
916 887 957 929 πο

213 947 340 1102 {spadas
356 947 527 1036 παρενιδιδν
547 946 681 1032 ἐξέβαλ’,
700 952 766 1031 οίῶ,
785 947 821 1016 ad
843 949 941 1035 ξίφος.

129 1041 160 1102 et
180 1057 210 1101 v.
321 1057 330 1098 r

208 1117 282 1202 Ἀμέ
303 1115 337 1183 δ’
361 1107 402 1181 αδ
421 1117 585 1193 Λεωνίδας

206 1194 294 1288 Ἅγεν
312 1191 391 1293 ᾇπερ
411 1201 471 1280 τὼς
491 1198 616 1288 κάπρως

217 1285 378 1372 Θοίγοντας
399 1290 454 1352 οἰῶ
475 1287 529 1352 τὸν
549 1283 670 1353 ὀδόντα.

129 1369 262 1438 Prorsus
292 1373 386 1460 igitur
417 1371 519 1438 eodem
549 1371 635 1443 modo
658 1369 892 1438 Lacedaemonii
921 1365 995 1436 illud
1029 1371 1084 1434 οίῶ
1110 1367 1300 1460 interponere

129 1457 283 1540 solebant,
325 1477 381 1544 qun
407 1457 487 1522 inter
514 1455 691 1522 Germaniie
719 1463 826 1542 gentes
847 1455 998 1521 'niustriaci
1025 1454 1202 1520 celebratum
1228 1455 1302 1520 illud

129 1541 213 1606 Ιωίε.
257 1543 384 1622 Σῶμαι,
412 1541 488 1642 ηοοδ
510 1541 632 1630 scripsi,
653 1541 806 1604 Laconica
827 1540 922 1604 forma
944 1548 990 1604 est
1028 1559 1063 1604 ro
1083 1539 1206 1628 vulgata
1226 1543 1302 1604 σοῦ-

13 1689 15 1694 .
128 1651 197 1709 μαι,
219 1625 477 1714 vid.Hesych1us:
498 1627 624 1707 Σῶμαι·
646 1625 745 1710 έρπω·
766 1625 908 1710 Δωριεῖς,
930 1624 988 1688 et'
1026 1626 1184 1688 ταΣοῖιται.
1207 1621 1302 1710 ὁρμᾶ-

129 1735 196 1788 ται,
223 1708 360 1796 ἔρχεται,
381 1706 551 1796 πορεύεται.
592 1707 759 1774 Admodum
786 1718 883 1774 autem
904 1707 1070 1774 Dorienses
1097 1711 1154 1774 hoo
1181 1711 1303 1791 verbum

36 1863 45 1876 ,
128 1797 408 1896 frequentaverunt,
434 1795 477 1860 uti
504 1801 603 1860 cetera
623 1815 736 1942 quoppe
757 1813 831 1902 (puae
848 1793 929 1902 xindes
948 1793 1130 1902 descendunt
1150 1793 1303 1900 vocabule,

129 1881 191 1944 uid.
212 1879 300 1944 Plato
331 1903 364 1944 lu
392 1877 516 1966 Crutylo
543 1901 573 1968 p.
594 1876 658 1944 112
721 1901 729 1944 2
766 1881 861 1944 Atta
889 1903 951 1960 μην
977 1903 996 1960 η
1021 1901 1053 1962 γε
1080 1878 1176 1964 σοφία
1203 1902 1303 1963 φορας

130 1961 326 2050 έφάπτεσθαι
354 1967 514 2046 σημαίνει,
555 1963 798 2070 σκοτωδέστερον
824 1963 858 2027 δέ
888 1967 981 2028 τοῦτο
1014 1963 1066 2026 καί
1097 1961 1303 2048 ξενικώτερον·

130 2047 210 2112 ἀλλὰ
232 2051 281 2112 δεῖ
298 2049 331 2112 ἔκ
351 2053 413 2112 τῶν
439 2053 576 2132 ποιητῶν
601 2045 904 2130 δναμιμνησκεσθαι,
930 2044 978 2110 δτι
1005 2051 1163 2128 πολλαχοῦ
1184 2047 1304 2134 λέγουσι

32 2177 38 2184 -
129 2135 197 2218 περὶ
221 2129 293 2198 ὅτου
315 2129 353 2195 δν
372 2128 487 2214 τῦχωσι
507 2138 570 2200 τῶν
596 2131 773 2214 ἀρχομένων
793 2129 871 2214 ταχδ
894 2130 1046 2218 προϊέναι,
1072 2129 1172 2215 doddo
1194 2134 1302 2218 φασίν·

127 2219 307 2306 Λακωνικῷ
334 2217 367 2280 δέ
388 2215 477 2303 ἀνδρὶ
502 2223 565 2282 τῶν
594 2217 763 2300 εὐδοκίμων
783 2219 836 2281 καί
864 2213 963 2297 ὄνομα
983 2217 1066 2292 Σοῦς
1085 2212 1139 2300 ἦν·
1168 2217 1224 2301 τὴν
1244 2217 1303 2304 γὰρ

122 2311 254 2382 ’ταχεῖαν
275 2297 374 2386 ὁρμὴν
406 2301 435 2366 oi
456 2299 700 2383 Λακεδαιμόνιοι
723 2297 805 2366 οδτω
830 2306 986 2366 καλοῦσιν.
1028 2300 1188 2390 Ingenium
1208 2310 1304 2368 autem

128 2405 285 2472 moresque
308 2385 499 2450 Doriensium
521 2389 587 2474 ipso
609 2408 746 2451 sermone
768 2387 841 2450 satis
862 2386 1068 2450 illustrantur:
1090 2407 1158 2453 nam
1179 2395 1305 2452 externa

150 2491 256 2570 noque.
272 2471 386 2558 species
409 2477 439 2534 et
465 2471 561 2536 forma
588 2471 730 2536 orationis
752 2472 849 2536 animo
877 2471 1091 2536 accommodata
1112 2477 1172 2548 est,
1206 2473 1304 2557 itaqua

129 2491 297 2620 hennenses
320 2555 475 2620 admodum
501 2575 570 2620 raro
592 2555 732 2621 dixerunt
759 2555 923 2640 ἔρχεσθαι,
956 2575 1125 2652 quamquam
1153 2557 1186 2620 in
1206 2557 1304 2622 Laeo-

130 2640 207 2704 niois
248 2637 325 2728 apud
361 2639 593 2728 Aristophanem
631 2641 665 2704 in
694 2639 870 2726 Lysistrata
903 2660 977 2704 sane
1017 2638 1171 2722 ahquoties
1208 2642 1305 2705 έλσεῖν
1392 2709 1393 2712 ,

131 2725 259 2812 iegitur,
296 2729 328 2787 ut
354 2723 697 2806 v.1us.118.1081,
736 2724 789 2789 sed
821 2724 992 2812 plerumque
1019 2723 1134 2806 ἕρπειν,
1169 2727 1305 2809 quoniam

132 2808 311 2874 tardiusculo
340 2808 483 2895 gravique
509 2808 629 2873 incessu
654 2809 698 2873 uti
728 2808 880 2890 solebant,
912 2815 962 2872 aut
987 2812 1141 2887 σοῦσθαι,
1168 2811 1303 2894 quoniam

131 2892 183 2957 uhi
203 2893 281 2958 sacto
303 2913 377 2981 opus
399 2902 474 2974 erat,
494 2894 639 2958 concitato
660 2915 734 2959 sane
756 2913 863 2982 gressu
884 2893 1063 2959 nitebantur.
1094 2893 1141 2958 lta
1161 2906 1194 2958 ut
1213 2917 1306 2986 pannea

133 2977 275 3063 quaedam
303 2977 439 3066 exempla
464 2978 630 3067 proferam,
657 2978 839 3044 Theocritus
865 2975 892 3042 1.
913 2977 992 3043 105:

222 3078 270 3150 Οὔ
291 3085 408 3171 λέγεται
434 3083 636 3175 τδν·,Κιίπριν
658 3085 674 3153 ὁ
695 3082 848 3170 βωκόλος,
878 3085 949 3172 έρπε
970 3077 1040 3152 ποτ’
1057 3082 1153 3165 Ἴδαν,

211 3169 306 3257 “Epor
326 3171 402 3236 ποτ’
421 3169 574 3257 Ἀγχίσαν.

132 3253 186 3326 IV.
208 3257 265 3322 36:
1106 3323 1110 3330 ,

219 3341 274 3416 Είς
295 3337 367 3428 ὅρος
389 3338 455 3425 ὅκχ’
480 3341 589 3430 έρπης,
610 3341 655 3426 μὴ
677 3337 825 3418 δνιίλιπος
845 3337 946 3426 έρχεο,
968 3338 1081 3406 Βοίττε.

77 3569 80 3576 ,
134 3423 349 3594 xii-afflig,
374 3502 488 3596 oipli'
505 3508 625 3590 Ἄδωνι,
647 3515 698 3578 καί
720 3507 831 3578 ἐνθάδε
851 3511 911 3585 κείς
927 3507 1112 3596 Ἀχέροντα.

134 3611 223 3678 Adde
238 3611 278 3682 V.
288 3609 340 3678 41.
361 3611 445 3680 XIV.
458 3612 511 3679 5⁰.
532 3613 601 3684 XV.
621 3615 664 3682 20
686 3623 716 3680 et
735 3613 788 3682 4².
814 3609 949 3677 Alterius
972 3613 1056 3678 verbi
1077 3637 1161 3686 nsum
1178 3621 1310 3688 illustrat

135 3697 185 3760 vel
199 3697 389 3762 'decantatum
409 3697 498 3764 iilud:
1200 3709 1202 3714 ’

214 3779 317 3868 Ἔρρει
336 3779 376 3846 τὰ
397 3779 492 3846 καλοί·
513 3783 679 3868 Μίνδαρος
700 3783 733 3849 δ’
757 3780 925 3848 onerasse.

134 3889 186 3953 Ἐν
205 3889 274 3955 item
295 3891 477 3957 Laconicum
503 3901 551 3960 oet
577 3915 633 3984 pro
660 3897 691 3972 ές
711 3895 760 3961 vel
787 3896 838 3968 εἰς.
880 3889 1052 3977 Hesychius
1069 3895 1136 3962 Ἓν·
1163 3897 1231 3963 ἀντὶ
1251 3905 1308 3964 τοῦ

137 3977 188 4050 είς.
210 3974 359 4042 Pindarus
371 3977 463 4062 Pyth.
477 3971 518 4044 ll.
534 3980 584 4046 11:
605 3981 637 4043 ἐν
657 3980 695 4044 δ’
709 3977 834 4064 ἅρματα
856 3973 1054 4057 πεισιχάλινα.
1077 3990 1106 4050 et
1126 3983 1198 4050 ibid.
1210 4005 1238 4050 v.
1249 3985 1307 4052 86:

137 4063 170 4124 έν
191 4056 291 4124 πάντα
318 4063 351 4125 δέ
376 4061 479 4143 νόμον.
511 4070 553 4140 χαί
572 4063 610 4132 V.
630 4067 688 4132 3οτ
715 4068 748 4130 έν
774 4057 951 4130 κοιλόπεδον
981 4061 1086 4144 νάπος.
1123 4067 1309 4150 Ἀμυκλαῖον

138 4152 235 4208 autem
261 4145 318 4210 fnit
342 4147 487 4236 templum·
505 4147 655 4238 Apollinis
677 4149 804 4241 Spartae
830 4148 921 4232 longe
952 4153 1184 4239 sanctissimum,
1226 4156 1308 4222 cuius

139 4229 314 4294 mentionem
337 4231 409 4296 facit
430 4233 626 4320 Thucydides
647 4236 685 4306 V.
709 4239 764 4303 18:
792 4228 914 4315 Στήλας
935 4233 969 4296 δὲ
994 4243 1105 4320 στῆσαι
1122 4239 1310 4322 Ὀλυμπίασι

139 4316 191 4380 καί
212 4317 327 4380 Hodoi
343 4319 393 4379 καί
411 4315 530 4406 Ἰσθμῷ
552 4322 603 4387 καί
632 4322 664 4385 έν
681 4317 841 4404 Ἀθήναις
862 4315 913 4378 καὶ
935 4317 968 4382 έν
988 4317 1073 4388 πόλει
1099 4326 1131 4390 έν
1147 4327 1309 4390 Λακεδαί-

138 4419 210 4480 μονι
238 4402 270 4478 έν
289 4399 483 4494 Ἀμυκλαίῳ.
510 4411 541 4471 et
566 4427 593 4472 ο.
613 4408 672 4473 232
707 4405 829 4502 Στηλην
850 4399 885 4467 δέ
912 4397 1073 4496 ἑκατέρους
1099 4416 1227 4496 στῆσαι,
1254 4411 1311 4496 τὴν
