3096 5062
256 341 322 422 ret
636 341 1043 416 commensurantes
1089 437 1092 446 1
1204 439 1209 452 ⁸

346 523 457 587 Ταῦτα
479 521 564 584 dvctv
585 518 617 582 ia
637 517 717 581 ἔτοΐν
740 511 814 598 ἡμῖν
833 511 922 594 μόλις
943 506 1123 595 ἱξεπονήθη.

262 617 337 686 Τοῖς
365 607 400 672 d’
424 604 528 680 ἄλλοις
560 605 591 668 ἰν
618 600 728 666 ἅπαντι
756 602 816 686 βίῳ
844 597 1025 682 προτιθέναι
1053 598 1128 682 φησὶ
1157 602 1298 676 ποιηταῖς
1324 603 1428 676 μιμεῖ-

259 703 347 774 σθαι,
369 688 508 775 δηλονότι
531 684 573 763 ῶς
596 687 706 751 addire
728 683 914 771 ἔφιξόαενον.
949 681 1079 766 Ἕτερος
1100 681 1132 746 d'
1157 679 1260 744 αὐτῶν
1275 678 1427 764 Ἡρακλέ-

260 809 313 857 οος
340 774 434 860 ὀργήν
458 774 516 839 τιν’
541 774 617 853 ἔχων
643 775 718 856 φησὶ
743 772 895 852 μεγίστοις
915 769 1072 852 ἐπιχειρεῖν
1092 771 1156 831 κτλ.
1199 765 1356 830 Hanovius
1378 767 1426 852 qui

259 871 292 934 in
313 859 599 930 Excemitationibus
620 859 684 922 crit.
705 856 737 920 iu
759 854 894 921 Comicus
917 873 1017 942 graec.
1038 873 1067 942 p.
1085 853 1128 918 58
1149 871 1211 936 sqq.
1234 851 1317 915 docte
1340 850 1426 916 etiam

261 952 374 1018 dehac
395 946 496 1012 fabula
517 943 672 1024 disseruit,
698 961 771 1005 rere
800 939 912 1004 monuit
932 959 1053 1018 errare,
1080 938 1129 1023 qni
1154 937 1209 1000 hos
1238 942 1300 1000 tres
1322 955 1426 1000 versus

263 1039 299 1103 ad
322 1029 641 1107 Chironesreferant3
670 1032 816 1116 repugnat
837 1023 915 1088 enim
937 1022 986 1087 vel
1012 1023 1078 1110 ipsa
1099 1020 1241 1086 orationis
1263 1021 1426 1085 conforma-

260 1123 318 1203 tio;
351 1118 403 1184 sed
425 1115 500 1202 quod
523 1112 709 1178 mouendum
740 1109 882 1212 praecipit
911 1103 928 1171 ὁ
951 1103 1078 1182 διδάξας
1104 1106 1138 1170 δὲ
1163 1104 1236 1180 τοὺς
1257 1106 1422 1190 Χείρωνος,

261 1215 294 1274 nt
315 1205 457 1272 Cratinus
478 1199 682 1287 significetur,
710 1215 826 1297 priores
855 1199 950 1258 antem
972 1213 1078 1258 versus
1100 1191 1176 1256 alius
1197 1191 1347 1256 cuiusdam
1368 1191 1428 1254 sint

262 1290 381 1372 comici,
408 1288 534 1376 probare
562 1289 688 1367 nequeo:
716 1301 773 1345 ram
801 1280 868 1368 ipsa
888 1277 1032 1343 Aristidis
1057 1277 1150 1341 verda
1177 1271 1269 1340 πάλιν
1297 1267 1337 1338 nd
1364 1277 1429 1339 reri

263 1377 360 1444 simite
388 1372 529 1451 reddunt,
554 1368 642 1431 nnius
672 1365 859 1450 eiusdemque
890 1371 992 1451 poetae
1020 1363 1075 1426 hos
1103 1381 1171 1426 esse
1198 1381 1319 1442 versus,
1346 1361 1430 1460 isque

260 1464 319 1531 fuit
346 1458 496 1526 Cratinus.
539 1452 668 1551 Ecquem
695 1451 782 1514 alium
810 1448 948 1513 comicum
977 1454 1089 1536 poetam
1115 1453 1200 1536 putas
1229 1447 1265 1510 ab
1293 1445 1429 1510 Aristide

264 1555 333 1615 ante
353 1543 508 1610 Cratinum
532 1537 691 1602 adhibitum
713 1537 798 1599 esset
828 1531 988 1598 Probabile
1009 1532 1103 1619 igitur
1123 1540 1169 1595 est
1189 1531 1336 1594 rhetorem
1359 1530 1432 1594 solis

263 1629 382 1700 Cratini
403 1636 433 1692 et
454 1622 664 1710 Aristophanis
686 1618 846 1708 exemplis,
875 1639 939 1682 eum
961 1623 1062 1680 essent
1082 1615 1229 1704 principes
1252 1615 1431 1696 comoediae,

263 1738 348 1784 usum
376 1733 452 1778 esse.
505 1707 646 1774 Cratinus
678 1706 785 1792 igitur,
819 1713 851 1767 ut
883 1702 967 1767 decet
999 1702 1094 1764 virum
1133 1701 1265 1766 liberalis
1298 1700 1432 1790 ingenii,

262 1801 429 1894 superbiam
458 1793 571 1860 mendo
598 1791 759 1877 quaesitam
791 1807 927 1868 sumens,
969 1787 1070 1851 nescio
1096 1805 1182 1872 quam
1212 1785 1344 1850 saboiam
1376 1785 1433 1848 hoc

264 1888 350 1957 modo
372 1890 437 1950 crat
457 1899 597 1946 exorsus:

425 1975 430 1986 '
565 1959 802 2043 Ἅφυπνΐζεσθαι
824 1952 978 2036 κομψὸν
996 1952 1057 2036 χρὴ
1079 1951 1178 2017 πάντα
1200 1947 1326 2034 θεατήν,

344 2051 419 2121 {sad
440 2049 496 2130 priv
516 2044 680 2130 βλεφάρων
702 2042 918 2122 αὐθημερινῶν
939 2045 1073 2121 ποιητῶν
1093 2043 1187 2122 λῆρον
1209 2036 1335 2122 ἀφέντα.

265 2137 439 2230 Comparari
452 2130 661 2219 quodammodo
673 2133 771 2216 potest
781 2126 969 2190 Pherecratis
981 2145 1086 2189 versus
1099 2123 1174 2213 apud
1186 2122 1317 2188 Gramm.
1329 2120 1432 2188 Bekk.

264 2229 307 2295 T.
319 2227 344 2292 l.
367 2245 393 2312 p.
405 2222 480 2300 437,
501 2219 550 2302 qui
572 2217 623 2279 eti
645 2235 678 2277 se
692 2213 723 2276 in
765 2211 881 2275 arabasi
898 2209 1035 2274 similiter
1044 2217 1210 2298 spectantes
1231 2206 1432 2296 compellarit:

342 2307 398 2372 ''ia”
423 2305 624 2387 oicpunvandr'pr
662 2289 716 2361 eda
736 2232 911 2380 dupodett'·
933 2292 992 2376 ἤδη
1013 2293 1071 2379 γὰρ
1093 2296 1143 2358 καὶ
1166 2291 1299 2371 λίξομεν.

266 2391 404 2478 Κομψὸν
431 2399 526 2454 autem
549 2385 658 2464 adieci,
685 2389 717 2446 nt
737 2401 854 2445 versum
882 2380 1063 2467 integrarem
1086 2381 1168 2461 (nam
1189 2385 1221 2441 ut
1240 2375 1332 2464 vulgo
1358 2376 1433 2440 scri-

266 2485 361 2563 bitur,
393 2477 420 2541 di
442 2473 573 2540 odiorum
606 2467 782 2534 continuitas
816 2472 862 2529 est
891 2464 1076 2552 interruptat
1101 2481 1272 2549 quamquam
1303 2461 1433 2525 fortasse

261 2567 347 2636 aliud
368 2497 442 2650 quid
460 2559 515 2623 [rit
536 2579 553 2620 a
574 2563 660 2644 poeta
681 2553 738 2617 scri
761 2560 836 2630 tum,
867 2549 943 2613 dixit
963 2557 1060 2614 auom
1078 2547 1216 2614 similiter
1238 2543 1378 2612 Cratinus
1399 2546 1431 2610 in
1526 2575 1527 2610 a

261 2653 382 2744 'Pylaea
403 2645 479 2736 apud
500 2641 695 2706 Schediastum
718 2574 853 2702 Pdatnnis
874 2655 902 2744 p.
924 2635 1004 2699 37³:

352 2731 424 2800 Oid’
449 2721 526 2794 αὖθ’
552 2722 650 2806 ἣμεΐς,
673 2720 714 2798 ῶς
736 2718 752 2785 ὁ
775 2725 905 2794 notator

351 2817 479 2902 Λόγος,
503 2808 697 2892 αὐτομάτους
717 2804 858 2889 ἀγαθοὺς
879 2805 955 2870 ἱέναι

180 2941 187 2954 ·
352 2905 498 2984 deppae
518 2899 565 2962 dni
589 2897 680 2959 δαῖτα
701 2895 833 2956 θεατῶν.
1204 2895 1226 2948 0

263 2995 400 3080 idemque
420 2984 496 3076 apud
519 2981 713 3048 Scholiastum
735 2975 882 3041 Platonis*
896 2993 926 3061 p.
947 2971 1026 3037 33οι
1128 3029 1132 3032 .

540 3068 597 3142 Tic
617 3066 651 3128 dd
671 3057 726 3139 σῶς
747 3057 870 3138 κομψός
889 3081 936 3130 τις
957 3054 1056 3138 i‘poeta
1077 3047 1203 3136 θεατής.

347 3150 621 3233 Ὕπολεππόλογσς,
643 3143 883 3232 γνιομιιῖιῶκιης,
905 3137 1275 3223 εὖριπιδαριστοφανίζῖον.

266 3248 331 3314 Pro
354 3242 496 3310 adiectivo
518 3236 733 3318 αὖθημερινῶν
745 3230 838 3295 codex
854 3231 880 3290 Γ
891 3224 952 3289 sind
967 3225 998 3288 θ’
1014 3219 1162 3306 ἦμερινῶν
1182 3223 1314 3312 praebet,
1333 3221 1434 3306 dinque

269 3327 444 3400 Dindortius
465 3321 526 3387 ἀπὸ
549 3320 578 3384 d'
601 3316 753 3401 ἡμιμναῖον
773 3313 912 3394 coniecit,
933 3310 986 3375 sed
1008 3309 1083 3372 nihii
1101 3313 1150 3372 est
1170 3307 1347 3372 mutandum.
1388 3307 1453 3370 At.

291 3414 420 3482 uaeritur
441 3431 493 3474 cur
512 3415 613 3496 poetas
625 3403 766 3470 Cratinus
789 3388 1189 3476 νοοανονὶοαῦθημεμνοῦςι
1211 3392 1305 3482 possit
1325 3390 1433 3476 aliquis

267 3439 358 3578 decide
379 3496 524 3562 coniicere
544 3493 587 3556 ita
613 3487 754 3578 appellari
777 3491 892 3573 poetas,
919 3482 968 3568 qni
989 3479 1090 3544 eodem
1110 3478 1161 3543 die
1187 3484 1255 3543 ante
1277 3474 1432 3544 Cratinum

268 3585 386 3654 fabulas
408 3579 589 3647 docuissent:
609 3594 731 3660 quorum
753 3569 924 3636 comicorum
946 3585 1010 3631 cnm
1032 3564 1122 3628 altum
1138 3561 1283 3648 quendam
1304 3567 1434 3625 contem·

268 3669 330 3738 tum
358 3669 486 3758 cepisset
517 3670 617 3751 poeta,
647 3660 729 3726 iubet
754 3661 932 3744 spectatores
955 3649 1185 3740 expergiscere,
1215 3666 1321 3711 somno
1346 3665 1432 3731 qoem

265 3759 385 3825 illorum
406 3750 535 3839 ineptiae
556 3743 716 3810 effuderint
736 3741 827 3806 oculis
849 3739 991 3804 dmensso.
1013 3731 1307 3800 Sortiebanturenim
1327 3736 1434 3818 poetae

267 3845 380 3928 aliquot
400 3845 479 3902 certe
500 3832 563 3896 dies
585 3841 653 3894 ante
674 3826 905 3892 commissionem
932 3820 1113 3900 fabularum,
1142 3823 1175 3881 ut
1195 3817 1434 3896 constitueretur,

267 3949 332 4015 quo·
350 3923 455 3990 ordine
482 3923 584 3983 essent
608 3914 677 3979 iliae
704 3911 854 4000 agendae:
881 3906 912 3973 id
932 3905 1008 3992 qnod
1036 3903 1227 3994 perspicimus
1253 3922 1293 3968 ex
1313 3899 1435 3967 Aristo-

269 4001 610 4158 phanisdEcclesiazusis
630 4022 660 4074 r.
682 3999 781 4080 1156,
802 3995 852 4060 nbi
872 4002 959 4084 poeta
979 3990 1037 4056 sibi
1057 3988 1181 4078 primam
1197 3986 1347 4076 ebtig‘mse
1366 4005 1435 4052 aar·

269 4105 328 4166 mm
348 4095 381 4160 in
401 4093 474 4156 icat:

352 4175 488 4259 Σμικρόν
510 4171 539 4238 δ’
559 4167 741 4236 ὑποθέσθαι
762 4171 826 4238 τοῖς
846 4167 977 4244 spondet
992 4149 1167 4238 βαῶομιιν

355 4269 431 4336 Τοῖς
451 4265 560 4343 cuprio
578 4253 649 4337 μέν,
667 4257 731 4316 τῶν
751 4252 858 4333 σοφῶν
877 4241 1085 4326 μεμνημένους
1105 4237 1215 4325 κρίνειν
1231 4237 1303 4320 ἐμέ·

353 4352 432 4422 Τοῖς
448 4349 560 4430 γελῶσι
581 4339 611 4406 δ’
635 4335 731 4422 ἡδέως
752 4333 803 4398 διὰ
823 4329 876 4396 τὸν
891 4329 990 4415 γέλων
1010 4326 1120 4412 apim
1140 4322 1204 4407 dat.

352 4430 468 4518 Σχεδὸν
487 4425 624 4503 ἅπαντας
645 4415 699 4489 οὖν
720 4413 832 4487 secudu
846 4411 971 4500 δηλαδὴ
992 4413 1100 4498 κρίνειν
1118 4407 1184 4492 M·
1277 4429 1297 4476 ·,
