3052 5060
138 301 143 309 ‘
183 437 188 446 .
231 362 295 432 too
403 373 405 379 “
612 352 1014 426 COMMENTATIONES

230 537 326 594 elect:
357 535 398 594 td
415 535 524 610 ὄρουσε
535 532 648 606 fimo
667 529 884 608 Empedocles
904 531 1036 592 uidetur
1057 523 1228 592 senetmi'
1255 523 1394 610 Denique

229 638 255 680 o.
275 617 313 682 9:
354 617 528 696 magenes
548 615 797 694 Apolloniates,
825 619 885 696 qut
910 616 1143 676 auscultante
1167 631 1289 692 σονμαε
1310 633 1396 694 ρεισ-

228 715 306 766 tuor
325 703 489 764 meone
501 703 651 776 firmari
672 711 707 761 et
722 701 864 775 feminis
886 704 1051 781 quinque.-
1077 701 1136 761 cel
1145 699 1305 784 Hippon,
1332 701 1395 779 γεεί

230 788 344 850 diebos
370 790 559 866 usuagium
585 783 746 860 lassantem
771 783 891 846 scribit
906 786 1057 858 forami
1083 795 1119 846 ot
1138 793 1259 864 quarto
1284 801 1397 842 nense
1478 821 1481 826 -

141 863 144 870 ⁴
228 891 360 934 carm
376 873 461 946 ficri
485 882 685 942 concretam,
728 874 843 950 quinto
873 889 1002 948 ungues
1032 866 1256 950 capillumque
1288 867 1395 942 λεσεοί,

228 962 366 1032 septimo
392 961 461 1016 iarn
481 953 642 1016 άοκεάασυε
663 973 737 1015 ease
760 956 963 1030 perfectam
997 949 1049 1016 Ex
1071 948 1192 1032 seminis
1223 955 1318 1014 autem
1341 971 1397 1013 ua·

228 1047 294 1103 tura
318 1037 438 1102 humida
458 1037 545 1101 etiam
567 1037 682 1101 animae
702 1041 837 1100 naturam
857 1035 990 1124 repetiit,
1011 1035 1088 1122 quod
1110 1035 1194 1100 docet
1212 1033 1395 1100 Aristoteles

219 1123 265 1187 de
285 1121 388 1189 Anim.
408 1119 433 1185 l.
454 1123 491 1186 2:
519 1123 584 1185 Kal
604 1118 664 1205 γὰρ
685 1119 795 1230 ἐλέγγει
816 1119 888 1196 τοὺς
909 1114 987 1187 αἷμα
1009 1115 1184 1207 φάσκοντας
1204 1117 1260 1202 τὴν
1278 1114 1395 1226 ψυχην,

228 1204 274 1272 ὅτε
304 1201 325 1290 o‘p
356 1203 430 1290 γονὴ
473 1201 531 1288 οὐχ
562 1199 663 1302 αἷμα·
704 1228 820 1287 ταυτην
858 1203 889 1270 d’
919 1201 993 1268 εἶναι
1025 1201 1082 1298 τὴν
1122 1199 1245 1290 πρώτην
1277 1221 1396 1286 ψυχην.
1524 1283 1525 1288 ¹

227 1291 370 1361 Videmus
416 1291 514 1375 itaque
551 1289 719 1378 Hipponem
765 1288 920 1378 physicum
963 1289 1036 1355 duas
1079 1291 1210 1354 rationes
1251 1287 1396 1377 physicae
1511 1333 1520 1358 0

227 1375 416 1465 disciplinae,
443 1394 564 1474 quarum
587 1373 680 1438 altera
700 1374 733 1438 in
753 1374 840 1438 huius
862 1373 962 1438 mundi
983 1374 1226 1464 contemplatione
1246 1381 1307 1438 tota
1326 1395 1398 1438 ver·

227 1468 325 1542 satur,
368 1459 461 1524 altera
489 1481 522 1523 un
550 1480 703 1547 corporum
729 1460 979 1557 membrorumque
1005 1470 1110 1524 natura
1131 1466 1161 1524 et
1188 1459 1301 1523 fabrica
1326 1480 1398 1548 per·
1524 1529 1525 1534 η

226 1545 404 1634 vestiganda
425 1551 562 1633 occupata
583 1552 644 1626 est,
674 1543 708 1606 in
733 1565 822 1608 unum
850 1543 1040 1608 coniunxisse
1067 1551 1152 1630 atque
1174 1543 1261 1608 simul
1282 1544 1398 1631 cogita-

227 1631 307 1728 tione
334 1629 514 1730 complerunt
543 1649 620 1728 esse.
636 1627 703 1692 Et
726 1649 749 1778 p
791 1715 824 1730 ..
938 1713 945 1728 .

125 1747 127 1752 ·
226 1737 285 1780 ram
306 1725 500 1800 auuqurssrmr
520 1713 686 1802 phrlosophr
708 1734 725 1776 a
764 1721 916 1777 veritatem
937 1713 1151 1799 radagandam,
1174 1721 1296 1778 aterum
1318 1734 1397 1799 qnae

751 1629 859 1692 riorem
886 1629 1000 1713 quidem
1034 1627 1111 1693 viam
1145 1629 1176 1692 in
1217 1629 1277 1692 essi
1308 1635 1432 1702 erant·

225 1799 258 1862 in
282 1799 432 1888 multiplici
455 1819 552 1863 rerum
575 1805 801 1883 naturarumque
821 1798 965 1862 varietate
993 1805 1023 1862 et
1043 1799 1220 1862 obscuritate
1246 1805 1398 1881 uersatur,
1524 1857 1525 1860 ,

225 1885 357 1984 plerique
378 1883 593 1984 neglexerant:
610 1884 694 1948 ,haec
720 1892 814 1947 autem
842 1882 1011 1970 disciplina,
1039 1883 1106 1948 dum
1134 1882 1254 1972 singula
1275 1905 1397 1948 accura-

226 1970 339 2034 tissime
360 1978 501 2050 rimatur,
523 1968 614 2049 'facile
635 1968 776 2056 propositi
798 1967 889 2032 oblita
910 1990 928 2032 a
949 1969 1073 2032 veritate
1095 1967 1243 2054 divinique
1264 1969 1396 2033 numinis

227 2053 418 2140 indagatione
441 2053 578 2134 deflectit,
599 2053 696 2138 itaque
719 2051 828 2138 aliquid
847 2073 920 2116 sune
933 2055 1047 2116 confert
1064 2053 1100 2118 ad
1117 2053 1396 2154 morosanimosque

226 2139 375 2202 hominnm
398 2137 637 2225 corrumpendos.
678 2137 748 2200 Non
769 2145 878 2201 umere
908 2137 1002 2224 igitur·
1022 2137 1159 2202 videntur
1179 2144 1296 2202 veteres
1317 2137 1409 2227 Hip-¹

225 2243 331 2371 ponem
366 2222 523 2310 impietatis
555 2221 748 2287 incusavisse.
802 2219 940 2287 Ceterum
973 2223 1100 2286 arbitror
1131 2221 1319 2312 Hipponem,
1362 2228 1402 2286 ut·

218 2325 220 2332 ’
257 2306 458 2394 enophanem,
483 2305 706 2386 Parmenidem,
727 2304 951 2453 Empedoclem,
977 2307 1113 2371 versibus
1141 2329 1177 2372 ea
1203 2307 1396 2396 comprehen-

227 2391 325 2472 disse,
347 2411 421 2476 qnae
441 2390 499 2478 ipsi
519 2389 712 2478 placuissent:
735 2389 780 2454 ool
792 2391 877 2475 igere
898 2391 954 2454 hoc
975 2391 1046 2455 mihi
1063 2390 1166 2456 videor
1187 2413 1226 2456 ex
1237 2390 1395 2458 Athonem

225 2474 311 2540 XIII.
330 2496 359 2564 p.
381 2475 446 2540 610
465 2472 511 2539 B:
547 2479 696 2538 Τοσαῦτα
725 2478 780 2538 τοῦ
808 2475 983 2559 Μυρτίλου
1000 2473 1068 2558 ἑξῆς
1094 2477 1315 2553 καταλέξαντος
1341 2480 1395 2542 καλ
1459 2491 1466 2498 “

117 2625 119 2630 ,
225 2556 348 2624 πάντων
369 2555 464 2624 αὐτὸν
484 2558 532 2623 ἐπὶ
553 2563 592 2644 τῇ
612 2554 716 2644 μνήμη
738 2557 968 2638 θαυμασάντων
991 2556 1007 2623 ὅ
1029 2556 1209 2638 Κύνουλκος
1229 2561 1308 2647 ἔφη·
1363 2597 1365 2602 -

310 2641 663 2728 Πουλυμαθημοσάνης,
689 2649 744 2726 τῆς
766 2641 802 2727 οὗ
824 2640 1000 2730 κενεώτερον
1022 2643 1121 2724 οὐδέν,

228 2731 335 2794 lasus
361 2724 460 2816 λ’φηὸ
488 2727 597 2808 disce,
630 2737 725 2816 neque
758 2727 836 2794 enim
863 2730 990 2796 dubitari
1016 2737 1127 2820 potest,
1157 2731 1227 2817 quin
1254 2731 1303 2795 hic
1328 2731 1395 2820 ipse

226 2835 331 2880 versus
353 2837 393 2880 ex
414 2813 562 2904 Hipponis
584 2815 713 2880 carmine
734 2813 774 2878 sit
793 2816 916 2903 petitusz
944 2816 1060 2881 uidetur
1081 2823 1177 2882 autem
1198 2816 1254 2882 hac
1275 2823 1395 2882 senten·

226 2900 267 2964 tia
288 2899 390 2965 eodem
411 2901 497 2966 modo
518 2921 589 2965 usus
612 2921 679 2964 esse
701 2904 786 2984 atque
807 2898 989 2982 Heraclitus,
1010 2907 1042 2966 ut
1061 2899 1210 2966 hominum
1232 2901 1395 2968 doctrinam

809 3089 873 3218 ppo
895 3069 1089 3136 Heraclitium
1116 3069 1189 3136 illud
1210 3071 1394 3160 respexisse,

225 2986 357 3070 quamvis
385 2985 530 3049 infinitam
558 2991 589 3048 et
607 2985 759 3072 ingentem
774 3005 858 3132 1prae
884 2986 1018 3051 ventatis
1043 2985 1270 3072 investigandae
1297 2987 1416 3052 studio·

226 3076 394 3156 sperneret:
425 3069 541 3133 videtur
562 3074 658 3132 autem
679 3089 752 3132 sane

225 3153 302 3238 quod
322 3153 479 3241 Diogenes
499 3152 642 3216 Laertius
668 3151 722 3218 IX.
744 3152 781 3234 1,
848 3175 948 3218 emens
974 3153 1064 3221 Alex.
1086 3153 1195 3220 Strom.
1221 3155 1246 3220 Ι.
1267 3177 1296 3246 p.
1318 3157 1394 3238 sto,

226 3237 278 3301 ulii
299 3243 508 3325 servaverunt}
529 3237 724 3320 Πολυμαθίη
746 3233 817 3302 νόον
838 3237 875 3301 οὐ
892 3235 977 3324 φάει·
994 3235 1140 3304 Ἡσίοδον
1159 3237 1218 3324 γάρ
1232 3237 1269 3304 ἂν
1290 3240 1397 3304 totta-

226 3325 257 3396 ξε
278 3323 329 3384 καὶ
344 3317 538 3407 Πυθαγόρην
560 3313 653 3396 αὖθίς
673 3346 705 3386 τε
717 3317 895 3406 Ξενοφάνεά
915 3349 946 3388 τε
968 3321 1203 3388 καλἛκαταῖον.
1225 3322 1395 3414 castigavit

226 3411 322 3470 autem
339 3404 438 3494 Hippo
459 3404 589 3472 fortasse
608 3407 735 3471 mammo
745 3405 961 3496 Pythagoram,
983 3415 1062 3474 certe
1076 3409 1246 3474 Heraclitus
1268 3411 1395 3476 eundem

226 3489 298 3554 clihi
318 3510 430 3576 quoque
451 3491 554 3556 eodem
575 3491 693 3556 nomine
714 3492 914 3580 reprehendit,
935 3493 995 3559 vid.
1016 3493 1110 3582 Diog.
1131 3494 1237 3562 Laert.
1257 3485 1341 3564 tull.
1356 3496 1393 3562 a:

224 3571 417 3660 Ηράκλειτος
436 3581 510 3660 γοῦν
531 3572 548 3640 ὃ
569 3576 698 3662 φυσικὸς
717 3579 880 3658 μονονουχὶ
902 3578 1026 3664 κέκραγε
1047 3581 1101 3643 καί
1121 3600 1212 3665 φησι·
1238 3577 1394 3664 Πυθαγό-

138 3744 140 3748 .
226 3685 283 3745 ρης
304 3657 500 3748 Μνησάρχου
526 3661 663 3748 ἱστορίην
687 3659 818 3745 ἤσκησεν
839 3661 1013 3748 ἀνθρώπων
1032 3661 1166 3746 μάλιστα
1187 3659 1319 3730 πάντων.
1340 3667 1393 3729 καλ

141 3751 144 3755 ’
226 3745 420 3825 ἐκλεξάμενος
444 3740 560 3822 audace
580 3746 641 3823 cole
656 3743 849 3833 συγγραφάς,
878 3744 1042 3832 ἐποιήσατο
1069 3747 1180 3814 ἑαυτοῦ
1201 3773 1238 3814 σο
1265 3752 1314 3834 (ην
1335 3775 1393 3814 πο·

223 3832 456 3914 λὐμαθιήνκαλ
482 3831 686 3914 κακοσεχνίην.
728 3831 868 3900 Ceterum
890 3831 1001 3899 Timon
1023 3833 1222 3924 sillographus
1276 3835 1392 3925 ipponis

226 3937 344 3982 versum
364 3915 513 4006 paululum
524 3917 714 3999 *immutatum
739 3917 777 3984 ad
798 3939 882 3984 suum
904 3941 1023 3986 cumen
1043 3919 1211 4002 transhulit,
1238 3927 1271 3988 ut
1290 3928 1393 3988 auctor

227 4005 274 4064 est
293 4000 467 4068 Athenaeus
488 4001 613 4068 ibidems
863 4067 864 4072 ,

677 4082 731 4152 Ἐν
749 4087 784 4152 δὲ
804 4085 983 4170 πλατυσμὸς

312 4165 666 4254 Πουλυμαθημσσάνης,
691 4177 747 4255 τῆς
768 4170 805 4238 οὗ
826 4170 1003 4260 κενεώτερον
1022 4167 1109 4239 atto.

137 4279 142 4288 ¹
228 4272 303 4338 quae
324 4253 383 4318 nisi
404 4255 481 4320 tome
506 4255 539 4322 iu
565 4257 660 4356 ipsum
680 4256 849 4348 Hipponem
870 4257 948 4324 dicta
974 4265 1057 4338 suut,
1084 4257 1239 4325 Platonem
1266 4265 1392 4349 tangere

226 4335 375 4420 videntur,
395 4339 522 4422 injcuins
541 4363 661 4410 nomano
680 4345 798 4434 saepius
815 4343 888 4412 lusit
898 4343 1020 4427 Timon,
1041 4351 1073 4408 ut
1094 4351 1140 4410 est
1159 4346 1191 4410 in
1203 4365 1292 4410 versu
1314 4333 1396 4434 apud

226 4420 320 4511 Diog.
340 4421 447 4492 Laert
467 4425 523 4494 ΠΙ.
544 4429 582 4493 7:
