<?xml version="1.0" encoding="UTF-8"?>
<!DOCTYPE html PUBLIC "-//W3C//DTD XHTML 1.0 Transitional//EN"
    "http://www.w3.org/TR/xhtml1/DTD/xhtml1-transitional.dtd">
<html xmlns="http://www.w3.org/1999/xhtml" xml:lang="en" lang="en">
 <head>
  <title>
</title>
<meta http-equiv="Content-Type" content="text/html;charset=utf-8" />
  <meta name='ocr-system' content='tesseract 3.04.00' />
  <meta name='ocr-capabilities' content='ocr_page ocr_carea ocr_par ocr_line ocrx_word'/>
</head>
<body>
  <div class='ocr_page' id='page_1' title='image "./commentationumd00kggoog_0101.png"; bbox 0 0 3018 5064; ppageno 0'>
   <div class='ocr_carea' id='block_1_1' title="bbox 250 309 1041 420">
    <p class='ocr_par' dir='ltr' id='par_1_1' title="bbox 250 309 1041 420">
     <span class='ocr_line' id='line_1_1' title="bbox 250 309 1041 420; baseline 0.003 -16"><span class='ocrx_word' id='word_1_1' title='bbox 250 333 297 404; x_wconf 83' lang='grc' dir='ltr'><strong><em>σι</em></strong></span> <span class='ocrx_word' id='word_1_2' title='bbox 412 371 417 377; x_wconf 85' lang='lat'><em>-</em></span> <span class='ocrx_word' id='word_1_3' title='bbox 494 341 497 346; x_wconf 91' lang='lat'><em>·</em></span> <span class='ocrx_word' id='word_1_4' title='bbox 635 309 1041 420; x_wconf 77' lang='lat' dir='ltr'><strong>connrunrarrouas</strong></span> 
     </span>
    </p>
   </div>
   <div class='ocr_carea' id='block_1_2' title="bbox 154 501 1502 4509">
    <p class='ocr_par' dir='ltr' id='par_1_2' title="bbox 154 501 1502 4509">
     <span class='ocr_line' id='line_1_2' title="bbox 251 501 1502 660; baseline 0.005 -89"><span class='ocrx_word' id='word_1_5' title='bbox 251 503 339 660; x_wconf 63' lang='grc' dir='ltr'><strong><em>ρηέηηι</em></strong></span> <span class='ocrx_word' id='word_1_6' title='bbox 366 502 444 594; x_wconf 83' lang='grc' dir='ltr'><strong><em>πρός</em></strong></span> <span class='ocrx_word' id='word_1_7' title='bbox 456 502 565 656; x_wconf 67' lang='grc' dir='ltr'><strong><em>3οηήηδν</em></strong></span> <span class='ocrx_word' id='word_1_8' title='bbox 591 506 710 593; x_wconf 82' lang='grc' dir='ltr'><strong><em>αι’σχρρῖ</em></strong></span> <span class='ocrx_word' id='word_1_9' title='bbox 732 501 831 592; x_wconf 79' lang='grc' dir='ltr'><strong><em>έρωτι.</em></strong></span> <span class='ocrx_word' id='word_1_10' title='bbox 878 503 1016 574; x_wconf 86' lang='lat' dir='ltr'><strong>Eundem</strong></span> <span class='ocrx_word' id='word_1_11' title='bbox 1041 504 1260 597; x_wconf 80' lang='lat' dir='ltr'><strong>Hieronymum</strong></span> <span class='ocrx_word' id='word_1_12' title='bbox 1280 511 1378 598; x_wconf 76' lang='lat' dir='ltr'><strong>tangit</strong></span> <span class='ocrx_word' id='word_1_13' title='bbox 1398 511 1434 576; x_wconf 89' lang='lat' dir='ltr'><strong><em>iu</em></strong></span> <span class='ocrx_word' id='word_1_14' title='bbox 1501 527 1502 584; x_wconf 68' lang='lat' dir='ltr'><strong>l</strong></span> 
     </span>
     <span class='ocr_line' id='line_1_3' title="bbox 284 613 1502 657; baseline -0.003 0"><span class='ocrx_word' id='word_1_15' title='bbox 284 613 387 657; x_wconf 84' lang='lat' dir='ltr'><strong>carm.</strong></span> <span class='ocrx_word' id='word_1_16' title='bbox 409 613 437 657; x_wconf 88' lang='lat' dir='ltr'><strong><em>v.</em></strong></span> <span class='ocrx_word' id='word_1_17' title='bbox 527 613 536 653; x_wconf 77' lang='lat' dir='ltr'><strong><em>z</em></strong></span> <span class='ocrx_word' id='word_1_18' title='bbox 604 622 606 629; x_wconf 96' lang='lat'><em>·</em></span> <span class='ocrx_word' id='word_1_19' title='bbox 1501 615 1502 626; x_wconf 54' lang='lat'>¹</span> 
     </span>
     <span class='ocr_line' id='line_1_4' title="bbox 336 670 1056 782; baseline 0 -41"><span class='ocrx_word' id='word_1_20' title='bbox 336 675 434 759; x_wconf 75' lang='grc' dir='ltr'><strong><em>Λαβέ</em></strong></span> <span class='ocrx_word' id='word_1_21' title='bbox 460 673 490 738; x_wconf 84' lang='grc' dir='ltr'><strong><em>δ’</em></strong></span> <span class='ocrx_word' id='word_1_22' title='bbox 516 675 593 755; x_wconf 76' lang='grc' dir='ltr'><strong><em>έμοῶ</em></strong></span> <span class='ocrx_word' id='word_1_23' title='bbox 608 671 644 782; x_wconf 74' lang='grc' dir='ltr'><strong><em>η’</em></strong></span> <span class='ocrx_word' id='word_1_24' title='bbox 669 672 754 738; x_wconf 71' lang='lat' dir='ltr'><strong>ibana</strong></span> <span class='ocrx_word' id='word_1_25' title='bbox 775 671 853 759; x_wconf 78' lang='grc' dir='ltr'><strong><em>παρ’</em></strong></span> <span class='ocrx_word' id='word_1_26' title='bbox 872 670 1056 762; x_wconf 83' lang='grc' dir='ltr'><strong><em>Ἱερωνόμου</em></strong></span> 
     </span>
     <span class='ocr_line' id='line_1_5' title="bbox 339 755 1107 844; baseline 0 -20"><span class='ocrx_word' id='word_1_27' title='bbox 339 755 707 842; x_wconf 82' lang='grc' dir='ltr'><strong><em>Σκοτοδασυπυκνοτριχά</em></strong></span> <span class='ocrx_word' id='word_1_28' title='bbox 729 759 787 822; x_wconf 79' lang='grc' dir='ltr'><strong><em>τιν’</em></strong></span> <span class='ocrx_word' id='word_1_29' title='bbox 804 757 921 836; x_wconf 83' lang='grc' dir='ltr'><strong><em>”Α“ι”δος</em></strong></span> <span class='ocrx_word' id='word_1_30' title='bbox 941 767 1045 844; x_wconf 84' lang='grc' dir='ltr'><strong><em>κυνήν.</em></strong></span> <span class='ocrx_word' id='word_1_31' title='bbox 1104 823 1107 830; x_wconf 77' lang='grc'>,</span> 
     </span>
     <span class='ocr_line' id='line_1_6' title="bbox 254 836 1502 950; baseline 0.001 -39"><span class='ocrx_word' id='word_1_32' title='bbox 254 844 306 912; x_wconf 87' lang='lat' dir='ltr'><strong><em>ubi</em></strong></span> <span class='ocrx_word' id='word_1_33' title='bbox 327 844 443 911; x_wconf 83' lang='lat' dir='ltr'><strong>Schol.:</strong></span> <span class='ocrx_word' id='word_1_34' title='bbox 491 836 592 921; x_wconf 74' lang='grc' dir='ltr'><strong><em>Οὗτος</em></strong></span> <span class='ocrx_word' id='word_1_35' title='bbox 614 840 630 908; x_wconf 81' lang='grc' dir='ltr'>ὁ</span> <span class='ocrx_word' id='word_1_36' title='bbox 653 839 833 927; x_wconf 78' lang='grc' dir='ltr'><strong><em>Ἱερώνυμος</em></strong></span> <span class='ocrx_word' id='word_1_37' title='bbox 860 850 962 926; x_wconf 90' lang='grc' dir='ltr'><strong><em>μελῶν</em></strong></span> <span class='ocrx_word' id='word_1_38' title='bbox 983 848 1047 912; x_wconf 72' lang='grc' dir='ltr'><strong><em>ἔστί</em></strong></span> <span class='ocrx_word' id='word_1_39' title='bbox 1074 844 1204 930; x_wconf 84' lang='grc' dir='ltr'><strong><em>ποιητὴς</em></strong></span> <span class='ocrx_word' id='word_1_40' title='bbox 1230 849 1281 911; x_wconf 78' lang='grc' dir='ltr'><strong><em>καὶ</em></strong></span> <span class='ocrx_word' id='word_1_41' title='bbox 1308 871 1435 935; x_wconf 81' lang='grc' dir='ltr'><strong><em>τραγῳ-</em></strong></span> <span class='ocrx_word' id='word_1_42' title='bbox 1501 869 1502 950; x_wconf 67' lang='grc' dir='ltr'><strong><em>η</em></strong></span> 
     </span>
     <span class='ocr_line' id='line_1_7' title="bbox 255 925 1502 1019; baseline 0.001 -23"><span class='ocrx_word' id='word_1_43' title='bbox 255 929 382 1006; x_wconf 84' lang='grc' dir='ltr'><strong><em>δοποιδς</em></strong></span> <span class='ocrx_word' id='word_1_44' title='bbox 407 925 570 1011; x_wconf 82' lang='grc' dir='ltr'><strong><em>ἀνώμαλος</em></strong></span> <span class='ocrx_word' id='word_1_45' title='bbox 593 930 647 1008; x_wconf 70' lang='grc' dir='ltr'><strong><em>,καί</em></strong></span> <span class='ocrx_word' id='word_1_46' title='bbox 676 925 913 1012; x_wconf 74' lang='grc' dir='ltr'><strong><em>ἀνοικονόμητος</em></strong></span> <span class='ocrx_word' id='word_1_47' title='bbox 941 929 993 994; x_wconf 81' lang='grc' dir='ltr'><strong><em>διὰ</em></strong></span> <span class='ocrx_word' id='word_1_48' title='bbox 1018 930 1054 996; x_wconf 90' lang='grc' dir='ltr'><strong><em>τδ</em></strong></span> <span class='ocrx_word' id='word_1_49' title='bbox 1082 928 1161 1014; x_wconf 83' lang='grc' dir='ltr'><strong><em>άχαν</em></strong></span> <span class='ocrx_word' id='word_1_50' title='bbox 1182 934 1333 1011; x_wconf 72' lang='grc' dir='ltr'><strong><em>ἐμπαθεῖς</em></strong></span> <span class='ocrx_word' id='word_1_51' title='bbox 1354 930 1436 1019; x_wconf 83' lang='grc' dir='ltr'><strong><em>χρά-</em></strong></span> <span class='ocrx_word' id='word_1_52' title='bbox 1501 971 1502 1012; x_wconf 62' lang='grc' dir='ltr'><strong><em>ρ</em></strong></span> 
     </span>
     <span class='ocr_line' id='line_1_8' title="bbox 255 1011 1502 1122; baseline 0.002 -41"><span class='ocrx_word' id='word_1_53' title='bbox 255 1041 323 1104; x_wconf 84' lang='grc' dir='ltr'><strong><em>φειν</em></strong></span> <span class='ocrx_word' id='word_1_54' title='bbox 343 1011 506 1090; x_wconf 73' lang='grc' dir='ltr'><strong><em>ὑποθέσεις</em></strong></span> <span class='ocrx_word' id='word_1_55' title='bbox 527 1016 578 1077; x_wconf 80' lang='grc' dir='ltr'><strong><em>καί</em></strong></span> <span class='ocrx_word' id='word_1_56' title='bbox 600 1019 746 1100; x_wconf 73' lang='grc' dir='ltr'><strong><em>φοβεροῖς</em></strong></span> <span class='ocrx_word' id='word_1_57' title='bbox 767 1017 968 1122; x_wconf 85' lang='grc' dir='ltr'><strong><em>προσωπείοις</em></strong></span> <span class='ocrx_word' id='word_1_58' title='bbox 986 1021 1142 1098; x_wconf 71' lang='grc' dir='ltr'><strong><em>χρῆσθαι·</em></strong></span> <span class='ocrx_word' id='word_1_59' title='bbox 1177 1015 1275 1082; x_wconf 75' lang='grc' dir='ltr'><strong><em>ἐδόκει</em></strong></span> <span class='ocrx_word' id='word_1_60' title='bbox 1296 1019 1330 1082; x_wconf 76' lang='grc' dir='ltr'><strong><em>δὲ</em></strong></span> <span class='ocrx_word' id='word_1_61' title='bbox 1357 1045 1437 1102; x_wconf 91' lang='grc' dir='ltr'><strong><em>κρο-</em></strong></span> <span class='ocrx_word' id='word_1_62' title='bbox 1501 1027 1502 1098; x_wconf 60' lang='lat' dir='ltr'>ss</span> 
     </span>
     <span class='ocr_line' id='line_1_9' title="bbox 255 1095 1502 1190; baseline 0.002 -24"><span class='ocrx_word' id='word_1_63' title='bbox 255 1106 392 1166; x_wconf 78' lang='grc' dir='ltr'><strong><em>τεῖσθοιι·</em></strong></span> <span class='ocrx_word' id='word_1_64' title='bbox 427 1101 618 1186; x_wconf 75' lang='grc' dir='ltr'><strong><em>ἐκωμῳδεῖτο</em></strong></span> <span class='ocrx_word' id='word_1_65' title='bbox 641 1099 674 1163; x_wconf 80' lang='grc' dir='ltr'><strong><em>δὲ</em></strong></span> <span class='ocrx_word' id='word_1_66' title='bbox 696 1095 738 1176; x_wconf 88' lang='grc' dir='ltr'><strong><em>ῶς</em></strong></span> <span class='ocrx_word' id='word_1_67' title='bbox 759 1125 839 1164; x_wconf 83' lang='grc' dir='ltr'><strong><em>πάνυ</em></strong></span> <span class='ocrx_word' id='word_1_68' title='bbox 861 1106 976 1181; x_wconf 80' lang='grc' dir='ltr'><strong><em>κομῶν.</em></strong></span> <span class='ocrx_word' id='word_1_69' title='bbox 998 1099 1103 1188; x_wconf 80' lang='grc' dir='ltr'><em>διόπερ</em></span> <span class='ocrx_word' id='word_1_70' title='bbox 1119 1098 1235 1180; x_wconf 72' lang='grc' dir='ltr'><strong><em>’Ἄϊδος</em></strong></span> <span class='ocrx_word' id='word_1_71' title='bbox 1255 1108 1349 1187; x_wconf 82' lang='grc' dir='ltr'><strong><em>κυνῆν</em></strong></span> <span class='ocrx_word' id='word_1_72' title='bbox 1370 1103 1435 1190; x_wconf 77' lang='grc' dir='ltr'><strong><em>έφη</em></strong></span> <span class='ocrx_word' id='word_1_73' title='bbox 1501 1109 1502 1182; x_wconf 44' lang='grc' dir='ltr'>ζ</span> 
     </span>
     <span class='ocr_line' id='line_1_10' title="bbox 255 1183 1502 1270; baseline -0.006 -16"><span class='ocrx_word' id='word_1_74' title='bbox 255 1184 358 1261; x_wconf 84' lang='grc' dir='ltr'><strong><em>αδτόν,</em></strong></span> <span class='ocrx_word' id='word_1_75' title='bbox 380 1185 491 1260; x_wconf 83' lang='grc' dir='ltr'><strong><em>παίξας</em></strong></span> <span class='ocrx_word' id='word_1_76' title='bbox 513 1189 653 1266; x_wconf 86' lang='grc' dir='ltr'><strong><em>κωμικῶς</em></strong></span> <span class='ocrx_word' id='word_1_77' title='bbox 674 1183 727 1248; x_wconf 84' lang='grc' dir='ltr'><strong><em>τὸν</em></strong></span> <span class='ocrx_word' id='word_1_78' title='bbox 747 1191 927 1270; x_wconf 79' lang='grc' dir='ltr'><strong><em>κουριῶντα.</em></strong></span> <span class='ocrx_word' id='word_1_79' title='bbox 1178 1240 1180 1244; x_wconf 97' lang='grc'><strong><em>.</em></strong></span> <span class='ocrx_word' id='word_1_80' title='bbox 1501 1221 1502 1264; x_wconf 79' lang='lat' dir='ltr'><strong>l</strong></span> 
     </span>
     <span class='ocr_line' id='line_1_11' title="bbox 339 1269 1437 1361; baseline 0.003 -26"><span class='ocrx_word' id='word_1_81' title='bbox 339 1270 391 1335; x_wconf 86' lang='lat' dir='ltr'><strong><em>Ad</em></strong></span> <span class='ocrx_word' id='word_1_82' title='bbox 412 1269 547 1335; x_wconf 84' lang='lat' dir='ltr'><strong>Thurios</strong></span> <span class='ocrx_word' id='word_1_83' title='bbox 575 1271 678 1334; x_wconf 90' lang='lat' dir='ltr'><strong>urbem</strong></span> <span class='ocrx_word' id='word_1_84' title='bbox 706 1271 896 1336; x_wconf 80' lang='lat' dir='ltr'><strong>referendum</strong></span> <span class='ocrx_word' id='word_1_85' title='bbox 916 1275 987 1358; x_wconf 87' lang='lat' dir='ltr'><strong>puto</strong></span> <span class='ocrx_word' id='word_1_86' title='bbox 1008 1273 1096 1336; x_wconf 88' lang='lat' dir='ltr'><strong>etiam</strong></span> <span class='ocrx_word' id='word_1_87' title='bbox 1118 1272 1197 1336; x_wconf 89' lang='lat' dir='ltr'><strong>aliud</strong></span> <span class='ocrx_word' id='word_1_88' title='bbox 1217 1273 1437 1361; x_wconf 81' lang='lat' dir='ltr'><strong>fragmentum,</strong></span> 
     </span>
     <span class='ocr_line' id='line_1_12' title="bbox 255 1351 1433 1444; baseline -0.001 -23"><span class='ocrx_word' id='word_1_89' title='bbox 255 1355 332 1444; x_wconf 89' lang='lat' dir='ltr'><strong>quod</strong></span> <span class='ocrx_word' id='word_1_90' title='bbox 354 1356 486 1420; x_wconf 88' lang='lat' dir='ltr'><strong>servavit</strong></span> <span class='ocrx_word' id='word_1_91' title='bbox 505 1355 627 1420; x_wconf 86' lang='lat' dir='ltr'>Pollux.</span> <span class='ocrx_word' id='word_1_92' title='bbox 648 1352 703 1419; x_wconf 90' lang='lat' dir='ltr'><strong><em>IX.</em></strong></span> <span class='ocrx_word' id='word_1_93' title='bbox 725 1355 781 1420; x_wconf 80' lang='lat'><strong><em>98:</em></strong></span> <span class='ocrx_word' id='word_1_94' title='bbox 819 1351 864 1418; x_wconf 86' lang='lat' dir='ltr'><strong><em>‘H</em></strong></span> <span class='ocrx_word' id='word_1_95' title='bbox 882 1355 916 1418; x_wconf 77' lang='grc' dir='ltr'><strong><em>δὲ</em></strong></span> <span class='ocrx_word' id='word_1_96' title='bbox 938 1355 990 1419; x_wconf 82' lang='grc' dir='ltr'><strong><em>διὰ</em></strong></span> <span class='ocrx_word' id='word_1_97' title='bbox 1018 1361 1139 1420; x_wconf 79' lang='grc' dir='ltr'><strong><em>πολλῶν</em></strong></span> <span class='ocrx_word' id='word_1_98' title='bbox 1164 1353 1282 1444; x_wconf 79' lang='grc' dir='ltr'><strong><em>ψήφων</em></strong></span> <span class='ocrx_word' id='word_1_99' title='bbox 1308 1357 1433 1437; x_wconf 80' lang='grc' dir='ltr'><strong><em>παιδιά,</em></strong></span> 
     </span>
     <span class='ocr_line' id='line_1_13' title="bbox 254 1437 1433 1526; baseline 0.001 -21"><span class='ocrx_word' id='word_1_100' title='bbox 254 1442 398 1506; x_wconf 77' lang='grc' dir='ltr'><strong><em>πλινθίον</em></strong></span> <span class='ocrx_word' id='word_1_101' title='bbox 427 1441 490 1506; x_wconf 74' lang='grc' dir='ltr'><strong><em>ἐστὶ</em></strong></span> <span class='ocrx_word' id='word_1_102' title='bbox 521 1437 627 1526; x_wconf 90' lang='grc' dir='ltr'><strong><em>χώρας</em></strong></span> <span class='ocrx_word' id='word_1_103' title='bbox 654 1441 686 1502; x_wconf 79' lang='grc' dir='ltr'><strong><em>ἐν</em></strong></span> <span class='ocrx_word' id='word_1_104' title='bbox 712 1449 869 1523; x_wconf 78' lang='grc' dir='ltr'><strong><em>γραμμαῖς</em></strong></span> <span class='ocrx_word' id='word_1_105' title='bbox 896 1439 965 1522; x_wconf 77' lang='grc' dir='ltr'><strong><em>έχον</em></strong></span> <span class='ocrx_word' id='word_1_106' title='bbox 994 1441 1200 1522; x_wconf 75' lang='grc' dir='ltr'><strong><em>διακειμένας·</em></strong></span> <span class='ocrx_word' id='word_1_107' title='bbox 1241 1445 1293 1508; x_wconf 80' lang='grc' dir='ltr'><strong><em>καί</em></strong></span> <span class='ocrx_word' id='word_1_108' title='bbox 1315 1442 1350 1507; x_wconf 81' lang='grc' dir='ltr'><strong><em>τό</em></strong></span> <span class='ocrx_word' id='word_1_109' title='bbox 1368 1443 1433 1524; x_wconf 80' lang='grc' dir='ltr'><strong><em>μέν</em></strong></span> 
     </span>
     <span class='ocr_line' id='line_1_14' title="bbox 255 1521 1502 1614; baseline -0.001 -22"><span class='ocrx_word' id='word_1_110' title='bbox 255 1527 397 1592; x_wconf 73' lang='grc' dir='ltr'><strong><em>πλινθίον</em></strong></span> <span class='ocrx_word' id='word_1_111' title='bbox 423 1531 558 1590; x_wconf 89' lang='grc' dir='ltr'><strong><em>καλεῖται</em></strong></span> <span class='ocrx_word' id='word_1_112' title='bbox 581 1521 685 1600; x_wconf 84' lang='grc' dir='ltr'><strong><em>πόλις·</em></strong></span> <span class='ocrx_word' id='word_1_113' title='bbox 712 1530 773 1588; x_wconf 89' lang='grc' dir='ltr'><strong><em>τῶν</em></strong></span> <span class='ocrx_word' id='word_1_114' title='bbox 795 1525 828 1588; x_wconf 79' lang='grc' dir='ltr'><strong><em>δέ</em></strong></span> <span class='ocrx_word' id='word_1_115' title='bbox 849 1521 968 1610; x_wconf 81' lang='grc' dir='ltr'><strong><em>ψήφων</em></strong></span> <span class='ocrx_word' id='word_1_116' title='bbox 989 1522 1117 1608; x_wconf 70' lang='grc' dir='ltr'><strong><em>ἑκάστη,</em></strong></span> <span class='ocrx_word' id='word_1_117' title='bbox 1145 1523 1241 1589; x_wconf 86' lang='grc' dir='ltr'><strong><em>κάων·</em></strong></span> <span class='ocrx_word' id='word_1_118' title='bbox 1280 1529 1432 1614; x_wconf 85' lang='grc' dir='ltr'><strong><em>διηρημέ-</em></strong></span> <span class='ocrx_word' id='word_1_119' title='bbox 1501 1541 1502 1602; x_wconf 62' lang='grc' dir='ltr'>ζ</span> 
     </span>
     <span class='ocr_line' id='line_1_15' title="bbox 255 1605 1433 1718; baseline -0.002 -40"><span class='ocrx_word' id='word_1_120' title='bbox 255 1637 316 1678; x_wconf 89' lang='grc' dir='ltr'><strong><em>νων</em></strong></span> <span class='ocrx_word' id='word_1_121' title='bbox 338 1612 371 1676; x_wconf 79' lang='grc' dir='ltr'><strong><em>δὲ</em></strong></span> <span class='ocrx_word' id='word_1_122' title='bbox 392 1611 433 1686; x_wconf 79' lang='grc' dir='ltr'><strong><em>εἷς</em></strong></span> <span class='ocrx_word' id='word_1_123' title='bbox 455 1606 511 1675; x_wconf 87' lang='grc' dir='ltr'><strong><em>δάο</em></strong></span> <span class='ocrx_word' id='word_1_124' title='bbox 533 1615 597 1674; x_wconf 90' lang='grc' dir='ltr'><strong><em>τῶν</em></strong></span> <span class='ocrx_word' id='word_1_125' title='bbox 616 1605 735 1696; x_wconf 80' lang='grc' dir='ltr'><strong><em>ψήφων</em></strong></span> <span class='ocrx_word' id='word_1_126' title='bbox 756 1608 835 1673; x_wconf 80' lang='grc' dir='ltr'><strong><em>κατὰ</em></strong></span> <span class='ocrx_word' id='word_1_127' title='bbox 860 1609 918 1686; x_wconf 84' lang='grc' dir='ltr'><strong><em>τὰς</em></strong></span> <span class='ocrx_word' id='word_1_128' title='bbox 932 1607 1049 1718; x_wconf 69' lang='grc' dir='ltr'><strong><em>χρόας,</em></strong></span> <span class='ocrx_word' id='word_1_129' title='bbox 1075 1607 1095 1690; x_wconf 73' lang='grc' dir='ltr'><strong><em>δη</em></strong></span> <span class='ocrx_word' id='word_1_130' title='bbox 1117 1611 1205 1692; x_wconf 89' lang='grc' dir='ltr'><strong><em>τέχνη</em></strong></span> <span class='ocrx_word' id='word_1_131' title='bbox 1227 1617 1281 1696; x_wconf 74' lang='grc' dir='ltr'><strong><em>τῆς</em></strong></span> <span class='ocrx_word' id='word_1_132' title='bbox 1303 1616 1433 1688; x_wconf 83' lang='grc' dir='ltr'><strong><em>παιδιᾶς</em></strong></span> 
     </span>
     <span class='ocr_line' id='line_1_16' title="bbox 254 1690 1430 1786; baseline -0.001 -22"><span class='ocrx_word' id='word_1_133' title='bbox 254 1697 320 1764; x_wconf 68' lang='grc' dir='ltr'><strong><em>ἔστι</em></strong></span> <span class='ocrx_word' id='word_1_134' title='bbox 340 1690 501 1781; x_wconf 82' lang='grc' dir='ltr'><strong><em>περιλήφει</em></strong></span> <span class='ocrx_word' id='word_1_135' title='bbox 522 1699 586 1760; x_wconf 90' lang='grc' dir='ltr'><strong><em>τῶν</em></strong></span> <span class='ocrx_word' id='word_1_136' title='bbox 607 1690 663 1759; x_wconf 78' lang='grc' dir='ltr'><strong><em>δύο</em></strong></span> <span class='ocrx_word' id='word_1_137' title='bbox 685 1690 804 1780; x_wconf 79' lang='grc' dir='ltr'><strong><em>ψήφοιν</em></strong></span> <span class='ocrx_word' id='word_1_138' title='bbox 825 1691 985 1783; x_wconf 83' lang='grc' dir='ltr'><strong><em>ὃμοχροων</em></strong></span> <span class='ocrx_word' id='word_1_139' title='bbox 1000 1695 1055 1780; x_wconf 85' lang='grc' dir='ltr'><strong><em>τήν</em></strong></span> <span class='ocrx_word' id='word_1_140' title='bbox 1077 1690 1262 1783; x_wconf 74' lang='grc' dir='ltr'><strong><em>ἑτεροχρόων</em></strong></span> <span class='ocrx_word' id='word_1_141' title='bbox 1284 1695 1430 1786; x_wconf 78' lang='grc' dir='ltr'><strong><em>ἀναιρεῖν.</em></strong></span> 
     </span>
     <span class='ocr_line' id='line_1_17' title="bbox 252 1779 768 1868; baseline -0.005 -20"><span class='ocrx_word' id='word_1_142' title='bbox 252 1780 398 1848; x_wconf 69' lang='lat' dir='ltr'><strong>fiderunt</strong></span> <span class='ocrx_word' id='word_1_143' title='bbox 419 1780 567 1868; x_wconf 81' lang='grc' dir='ltr'><strong><em>Κρατίνῳ</em></strong></span> <span class='ocrx_word' id='word_1_144' title='bbox 589 1779 768 1844; x_wconf 80' lang='grc' dir='ltr'><strong><em>πέπαικται·</em></strong></span> 
     </span>
     <span class='ocr_line' id='line_1_18' title="bbox 335 1861 1502 1980; baseline -0.002 -48"><span class='ocrx_word' id='word_1_145' title='bbox 335 1868 529 1932; x_wconf 88' lang='grc' dir='ltr'><strong><em>Πανδιονίδα</em></strong></span> <span class='ocrx_word' id='word_1_146' title='bbox 549 1861 667 1941; x_wconf 91' lang='grc' dir='ltr'><strong><em>πόλεως</em></strong></span> <span class='ocrx_word' id='word_1_147' title='bbox 687 1869 816 1946; x_wconf 81' lang='grc' dir='ltr'><strong><em>βασιλεῧ</em></strong></span> <span class='ocrx_word' id='word_1_148' title='bbox 1501 1885 1502 1980; x_wconf 71' lang='grc' dir='ltr'><strong><em>ή</em></strong></span> 
     </span>
     <span class='ocr_line' id='line_1_19' title="bbox 339 1947 1001 2036; baseline 0 -20"><span class='ocrx_word' id='word_1_149' title='bbox 339 1956 406 2034; x_wconf 85' lang='grc' dir='ltr'><strong><em>Τής</em></strong></span> <span class='ocrx_word' id='word_1_150' title='bbox 428 1948 631 2035; x_wconf 74' lang='grc' dir='ltr'><strong><em>ἐριβώλακος,</em></strong></span> <span class='ocrx_word' id='word_1_151' title='bbox 655 1947 741 2016; x_wconf 71' lang='grc' dir='ltr'><strong><em>οἷσθ’</em></strong></span> <span class='ocrx_word' id='word_1_152' title='bbox 764 1949 802 2034; x_wconf 85' lang='grc' dir='ltr'><strong><em>ήν</em></strong></span> <span class='ocrx_word' id='word_1_153' title='bbox 816 1949 956 2036; x_wconf 72' lang='grc' dir='ltr'><strong><em>λέγομεν,</em></strong></span> <span class='ocrx_word' id='word_1_154' title='bbox 999 1987 1001 1993; x_wconf 93' lang='grc'><em>·</em></span> 
     </span>
     <span class='ocr_line' id='line_1_20' title="bbox 337 2033 933 2118; baseline -0.003 -16"><span class='ocrx_word' id='word_1_155' title='bbox 337 2039 404 2102; x_wconf 83' lang='grc' dir='ltr'><strong><em>Καὶ</em></strong></span> <span class='ocrx_word' id='word_1_156' title='bbox 426 2034 502 2099; x_wconf 84' lang='grc' dir='ltr'><strong><em>κίνα</em></strong></span> <span class='ocrx_word' id='word_1_157' title='bbox 524 2039 577 2099; x_wconf 87' lang='grc' dir='ltr'><strong><em>καὶ</em></strong></span> <span class='ocrx_word' id='word_1_158' title='bbox 598 2033 687 2100; x_wconf 91' lang='grc' dir='ltr'><strong><em>πόλιν</em></strong></span> <span class='ocrx_word' id='word_1_159' title='bbox 707 2034 744 2118; x_wconf 86' lang='grc' dir='ltr'><strong><em>ήν</em></strong></span> <span class='ocrx_word' id='word_1_160' title='bbox 765 2038 933 2114; x_wconf 80' lang='grc' dir='ltr'><strong><em>παίζουσιν.</em></strong></span> 
     </span>
     <span class='ocr_line' id='line_1_21' title="bbox 252 2119 1428 2210; baseline 0.001 -21"><span class='ocrx_word' id='word_1_161' title='bbox 252 2121 347 2190; x_wconf 81' lang='lat' dir='ltr'>Recte</span> <span class='ocrx_word' id='word_1_162' title='bbox 358 2120 512 2186; x_wconf 88' lang='lat' dir='ltr'><strong>Bentleius</strong></span> <span class='ocrx_word' id='word_1_163' title='bbox 523 2125 653 2202; x_wconf 83' lang='grc' dir='ltr'><strong><em>βασιλεῦ</em></strong></span> <span class='ocrx_word' id='word_1_164' title='bbox 665 2141 718 2208; x_wconf 88' lang='lat' dir='ltr'><strong>pro</strong></span> <span class='ocrx_word' id='word_1_165' title='bbox 730 2122 871 2186; x_wconf 88' lang='lat' dir='ltr'><strong>librorum</strong></span> <span class='ocrx_word' id='word_1_166' title='bbox 882 2122 1028 2210; x_wconf 86' lang='lat' dir='ltr'><strong>scriptura</strong></span> <span class='ocrx_word' id='word_1_167' title='bbox 1038 2119 1183 2202; x_wconf 87' lang='grc' dir='ltr'><strong><em>βασιλεὺς</em></strong></span> <span class='ocrx_word' id='word_1_168' title='bbox 1193 2121 1353 2205; x_wconf 84' lang='lat' dir='ltr'><strong>substituit,</strong></span> <span class='ocrx_word' id='word_1_169' title='bbox 1366 2144 1428 2190; x_wconf 88' lang='lat' dir='ltr'><strong><em>non</em></strong></span> 
     </span>
     <span class='ocr_line' id='line_1_22' title="bbox 253 2203 1428 2294; baseline 0.002 -22"><span class='ocrx_word' id='word_1_170' title='bbox 253 2215 335 2272; x_wconf 84' lang='lat' dir='ltr'><strong>recte</strong></span> <span class='ocrx_word' id='word_1_171' title='bbox 347 2203 540 2290; x_wconf 80' lang='grc' dir='ltr'><strong><em>ἓρικώλακος,</em></strong></span> <span class='ocrx_word' id='word_1_172' title='bbox 564 2227 629 2269; x_wconf 90' lang='lat' dir='ltr'><strong><em>cum</em></strong></span> <span class='ocrx_word' id='word_1_173' title='bbox 645 2213 674 2268; x_wconf 88' lang='lat' dir='ltr'><strong><em>et</em></strong></span> <span class='ocrx_word' id='word_1_174' title='bbox 690 2203 864 2290; x_wconf 79' lang='grc' dir='ltr'><strong><em>έρικόλακος</em></strong></span> <span class='ocrx_word' id='word_1_175' title='bbox 877 2214 907 2270; x_wconf 85' lang='lat' dir='ltr'><strong><em>et</em></strong></span> <span class='ocrx_word' id='word_1_176' title='bbox 919 2203 1105 2290; x_wconf 73' lang='grc' dir='ltr'><strong><em>ἐριβώλακος</em></strong></span> <span class='ocrx_word' id='word_1_177' title='bbox 1115 2208 1268 2294; x_wconf 80' lang='lat' dir='ltr'><strong>legeretur</strong></span> <span class='ocrx_word' id='word_1_178' title='bbox 1277 2209 1310 2272; x_wconf 87' lang='lat' dir='ltr'><strong><em>iu</em></strong></span> <span class='ocrx_word' id='word_1_179' title='bbox 1331 2209 1428 2274; x_wconf 86' lang='lat' dir='ltr'><strong>libris.</strong></span> 
     </span>
     <span class='ocr_line' id='line_1_23' title="bbox 184 2289 1427 2380; baseline 0.001 -23"><span class='ocrx_word' id='word_1_180' title='bbox 184 2305 192 2330; x_wconf 88' lang='lat'><strong>·</strong></span> <span class='ocrx_word' id='word_1_181' title='bbox 231 2293 332 2380; x_wconf 48' lang='lat' dir='ltr'><strong>uNam</strong></span> <span class='ocrx_word' id='word_1_182' title='bbox 354 2293 503 2374; x_wconf 74' lang='grc' dir='ltr'><strong><em>ε’ρικῶλαξ</em></strong></span> <span class='ocrx_word' id='word_1_183' title='bbox 523 2289 606 2352; x_wconf 94' lang='lat' dir='ltr'><strong>nullo</strong></span> <span class='ocrx_word' id='word_1_184' title='bbox 627 2297 712 2376; x_wconf 86' lang='lat' dir='ltr'><strong>pacto</strong></span> <span class='ocrx_word' id='word_1_185' title='bbox 734 2312 842 2377; x_wconf 80' lang='lat' dir='ltr'>graece</span> <span class='ocrx_word' id='word_1_186' title='bbox 865 2292 923 2356; x_wconf 89' lang='lat' dir='ltr'><strong>dici</strong></span> <span class='ocrx_word' id='word_1_187' title='bbox 938 2297 1036 2380; x_wconf 91' lang='lat' dir='ltr'><strong>potest</strong></span> <span class='ocrx_word' id='word_1_188' title='bbox 1055 2314 1109 2380; x_wconf 88' lang='lat' dir='ltr'><strong>pro</strong></span> <span class='ocrx_word' id='word_1_189' title='bbox 1131 2291 1286 2375; x_wconf 74' lang='grc' dir='ltr'><strong><em>ἐρικόλαξε</em></strong></span> <span class='ocrx_word' id='word_1_190' title='bbox 1308 2300 1358 2358; x_wconf 86' lang='lat' dir='ltr'><strong>est</strong></span> <span class='ocrx_word' id='word_1_191' title='bbox 1376 2315 1427 2358; x_wconf 88' lang='lat' dir='ltr'><strong>au·</strong></span> 
     </span>
     <span class='ocr_line' id='line_1_24' title="bbox 254 2374 1426 2464; baseline 0.001 -22"><span class='ocrx_word' id='word_1_192' title='bbox 254 2384 313 2442; x_wconf 89' lang='lat' dir='ltr'><strong><em>tem</em></strong></span> <span class='ocrx_word' id='word_1_193' title='bbox 341 2375 534 2464; x_wconf 83' lang='lat' dir='ltr'><strong>aptissimum,</strong></span> <span class='ocrx_word' id='word_1_194' title='bbox 556 2374 691 2438; x_wconf 90' lang='lat' dir='ltr'><strong>Thurios</strong></span> <span class='ocrx_word' id='word_1_195' title='bbox 717 2382 837 2464; x_wconf 84' lang='lat' dir='ltr'><strong>propter</strong></span> <span class='ocrx_word' id='word_1_196' title='bbox 858 2377 915 2442; x_wconf 91' lang='lat' dir='ltr'><strong>soli</strong></span> <span class='ocrx_word' id='word_1_197' title='bbox 936 2378 1098 2441; x_wconf 89' lang='lat' dir='ltr'><strong>ubertatem</strong></span> <span class='ocrx_word' id='word_1_198' title='bbox 1119 2377 1358 2463; x_wconf 88' lang='lat' dir='ltr'><strong>affluentiamque</strong></span> <span class='ocrx_word' id='word_1_199' title='bbox 1377 2401 1426 2442; x_wconf 90' lang='lat' dir='ltr'><strong>re·</strong></span> 
     </span>
     <span class='ocr_line' id='line_1_25' title="bbox 154 2455 1425 2549; baseline 0.002 -22"><span class='ocrx_word' id='word_1_200' title='bbox 154 2539 157 2548; x_wconf 17' lang='grc' dir='ltr'><strong><em>ρ</em></strong></span> <span class='ocrx_word' id='word_1_201' title='bbox 253 2483 320 2528; x_wconf 89' lang='lat' dir='ltr'><strong>rum</strong></span> <span class='ocrx_word' id='word_1_202' title='bbox 347 2463 476 2526; x_wconf 92' lang='lat' dir='ltr'><strong>omnium</strong></span> <span class='ocrx_word' id='word_1_203' title='bbox 503 2459 561 2524; x_wconf 91' lang='lat' dir='ltr'><strong>dici</strong></span> <span class='ocrx_word' id='word_1_204' title='bbox 582 2455 756 2543; x_wconf 72' lang='grc' dir='ltr'><strong><em>ἐριβώλακα</em></strong></span> <span class='ocrx_word' id='word_1_205' title='bbox 778 2457 883 2524; x_wconf 79' lang='grc' dir='ltr'><strong><em>πόλινι</em></strong></span> <span class='ocrx_word' id='word_1_206' title='bbox 926 2461 1129 2526; x_wconf 90' lang='lat' dir='ltr'><strong>Pandionides</strong></span> <span class='ocrx_word' id='word_1_207' title='bbox 1151 2469 1263 2544; x_wconf 84' lang='lat' dir='ltr'><strong>autem,</strong></span> <span class='ocrx_word' id='word_1_208' title='bbox 1300 2463 1350 2549; x_wconf 90' lang='lat' dir='ltr'><strong><em>qui</em></strong></span> <span class='ocrx_word' id='word_1_209' title='bbox 1370 2483 1425 2529; x_wconf 89' lang='lat' dir='ltr'><strong>rex</strong></span> 
     </span>
     <span class='ocr_line' id='line_1_26' title="bbox 253 2543 1425 2634; baseline 0.002 -23"><span class='ocrx_word' id='word_1_210' title='bbox 253 2547 336 2612; x_wconf 90' lang='lat' dir='ltr'><strong>urbis</strong></span> <span class='ocrx_word' id='word_1_211' title='bbox 356 2551 494 2626; x_wconf 79' lang='lat' dir='ltr'><strong><em>vocatur⁷</em></strong></span> <span class='ocrx_word' id='word_1_212' title='bbox 515 2551 566 2608; x_wconf 89' lang='lat' dir='ltr'><strong>aut</strong></span> <span class='ocrx_word' id='word_1_213' title='bbox 585 2543 596 2607; x_wconf 89' lang='lat' dir='ltr'><strong>i</strong></span> <span class='ocrx_word' id='word_1_214' title='bbox 617 2565 650 2608; x_wconf 92' lang='lat' dir='ltr'><strong>se</strong></span> <span class='ocrx_word' id='word_1_215' title='bbox 672 2551 719 2608; x_wconf 90' lang='lat' dir='ltr'><strong>est</strong></span> <span class='ocrx_word' id='word_1_216' title='bbox 738 2567 776 2633; x_wconf 90' lang='lat' dir='ltr'><strong><em>po</em></strong></span> <span class='ocrx_word' id='word_1_217' title='bbox 797 2545 862 2610; x_wconf 93' lang='lat' dir='ltr'><strong>ulus</strong></span> <span class='ocrx_word' id='word_1_218' title='bbox 888 2544 1102 2630; x_wconf 84' lang='lat' dir='ltr'>Atheniensis,</span> <span class='ocrx_word' id='word_1_219' title='bbox 1136 2554 1186 2610; x_wconf 88' lang='lat' dir='ltr'><strong>aut</strong></span> <span class='ocrx_word' id='word_1_220' title='bbox 1213 2568 1289 2612; x_wconf 91' lang='lat' dir='ltr'><strong>unus</strong></span> <span class='ocrx_word' id='word_1_221' title='bbox 1319 2548 1425 2634; x_wconf 90' lang='lat' dir='ltr'><strong>aliquis</strong></span> 
     </span>
     <span class='ocr_line' id='line_1_27' title="bbox 254 2567 1425 2715; baseline 0.001 -18"><span class='ocrx_word' id='word_1_222' title='bbox 254 2653 293 2698; x_wconf 91' lang='lat' dir='ltr'><strong><em>ex</em></strong></span> <span class='ocrx_word' id='word_1_223' title='bbox 325 2631 525 2696; x_wconf 85' lang='lat' dir='ltr'><strong>conditoribus</strong></span> <span class='ocrx_word' id='word_1_224' title='bbox 555 2567 656 2712; x_wconf 74' lang='lat' dir='ltr'><strong>credie,</strong></span> <span class='ocrx_word' id='word_1_225' title='bbox 689 2629 737 2715; x_wconf 89' lang='lat' dir='ltr'><strong><em>qui</em></strong></span> <span class='ocrx_word' id='word_1_226' title='bbox 787 2630 953 2696; x_wconf 91' lang='lat' dir='ltr'><strong>andionidis</strong></span> <span class='ocrx_word' id='word_1_227' title='bbox 979 2633 1073 2698; x_wconf 88' lang='lat' dir='ltr'><strong>tribus</strong></span> <span class='ocrx_word' id='word_1_228' title='bbox 1095 2633 1160 2696; x_wconf 82' lang='lat' dir='ltr'><strong>luit.</strong></span> <span class='ocrx_word' id='word_1_229' title='bbox 1203 2631 1265 2696; x_wconf 83' lang='lat' dir='ltr'><strong><em>Sed</em></strong></span> <span class='ocrx_word' id='word_1_230' title='bbox 1285 2632 1359 2697; x_wconf 92' lang='lat' dir='ltr'><strong>haec</strong></span> <span class='ocrx_word' id='word_1_231' title='bbox 1380 2634 1425 2698; x_wconf 86' lang='lat' dir='ltr'><strong>la·</strong></span> 
     </span>
     <span class='ocr_line' id='line_1_28' title="bbox 252 2716 1502 2804; baseline 0 -22"><span class='ocrx_word' id='word_1_232' title='bbox 252 2724 319 2783; x_wconf 86' lang='lat' dir='ltr'><strong>teor</strong></span> <span class='ocrx_word' id='word_1_233' title='bbox 339 2717 466 2781; x_wconf 85' lang='lat' dir='ltr'><strong>incerta:</strong></span> <span class='ocrx_word' id='word_1_234' title='bbox 498 2735 621 2803; x_wconf 89' lang='lat' dir='ltr'><strong>prorsus</strong></span> <span class='ocrx_word' id='word_1_235' title='bbox 644 2719 739 2779; x_wconf 88' lang='lat' dir='ltr'><strong>autem</strong></span> <span class='ocrx_word' id='word_1_236' title='bbox 761 2716 933 2800; x_wconf 86' lang='lat' dir='ltr'><strong>obscurum,</strong></span> <span class='ocrx_word' id='word_1_237' title='bbox 962 2739 1100 2803; x_wconf 85' lang='lat' dir='ltr'><strong>quorsum</strong></span> <span class='ocrx_word' id='word_1_238' title='bbox 1121 2721 1233 2804; x_wconf 85' lang='lat' dir='ltr'><strong><em>spectet</em></strong></span> <span class='ocrx_word' id='word_1_239' title='bbox 1254 2739 1425 2782; x_wconf 89' lang='lat' dir='ltr'><strong>commemo·</strong></span> <span class='ocrx_word' id='word_1_240' title='bbox 1501 2731 1502 2790; x_wconf 77' lang='lat' dir='ltr'><strong>l</strong></span> 
     </span>
     <span class='ocr_line' id='line_1_29' title="bbox 248 2801 1426 2890; baseline -0.001 -22"><span class='ocrx_word' id='word_1_241' title='bbox 248 2803 328 2868; x_wconf 76' lang='lat' dir='ltr'><strong>‘ratio</strong></span> <span class='ocrx_word' id='word_1_242' title='bbox 348 2801 411 2868; x_wconf 91' lang='lat' dir='ltr'><strong>ludi</strong></span> <span class='ocrx_word' id='word_1_243' title='bbox 431 2801 677 2866; x_wconf 76' lang='lat' dir='ltr'><strong>latrunculorum:</strong></span> <span class='ocrx_word' id='word_1_244' title='bbox 705 2821 773 2865; x_wconf 90' lang='lat' dir='ltr'><strong>nam</strong></span> <span class='ocrx_word' id='word_1_245' title='bbox 794 2823 833 2866; x_wconf 91' lang='lat' dir='ltr'><strong><em>ne</em></strong></span> <span class='ocrx_word' id='word_1_246' title='bbox 853 2823 977 2887; x_wconf 88' lang='lat' dir='ltr'><strong>uaquam</strong></span> <span class='ocrx_word' id='word_1_247' title='bbox 997 2803 1040 2866; x_wconf 89' lang='lat' dir='ltr'><strong><em>ito</em></strong></span> <span class='ocrx_word' id='word_1_248' title='bbox 1061 2809 1107 2866; x_wconf 89' lang='lat' dir='ltr'><strong>est</strong></span> <span class='ocrx_word' id='word_1_249' title='bbox 1126 2803 1208 2866; x_wconf 91' lang='lat' dir='ltr'><strong>locus</strong></span> <span class='ocrx_word' id='word_1_250' title='bbox 1229 2801 1426 2890; x_wconf 87' lang='lat' dir='ltr'><strong>interpretan-</strong></span> 
     </span>
     <span class='ocr_line' id='line_1_30' title="bbox 253 2823 1425 2972; baseline 0 -19"><span class='ocrx_word' id='word_1_251' title='bbox 253 2888 325 2971; x_wconf 83' lang='lat' dir='ltr'><strong>dus,</strong></span> <span class='ocrx_word' id='word_1_252' title='bbox 348 2909 382 2952; x_wconf 91' lang='lat' dir='ltr'><strong>ac</strong></span> <span class='ocrx_word' id='word_1_253' title='bbox 403 2887 430 2951; x_wconf 88' lang='lat' dir='ltr'><strong>si</strong></span> <span class='ocrx_word' id='word_1_254' title='bbox 452 2885 564 2951; x_wconf 88' lang='lat' dir='ltr'><strong>Thurii</strong></span> <span class='ocrx_word' id='word_1_255' title='bbox 584 2892 721 2972; x_wconf 89' lang='lat' dir='ltr'><strong>tanquam</strong></span> <span class='ocrx_word' id='word_1_256' title='bbox 741 2886 822 2952; x_wconf 91' lang='lat' dir='ltr'><strong>illius</strong></span> <span class='ocrx_word' id='word_1_257' title='bbox 835 2823 907 2952; x_wconf 85' lang='lat' dir='ltr'><strong>ludi</strong></span> <span class='ocrx_word' id='word_1_258' title='bbox 928 2888 1053 2953; x_wconf 87' lang='lat' dir='ltr'><strong>studiosi</strong></span> <span class='ocrx_word' id='word_1_259' title='bbox 1066 2893 1224 2968; x_wconf 86' lang='lat' dir='ltr'><strong>vexentur,</strong></span> <span class='ocrx_word' id='word_1_260' title='bbox 1245 2887 1298 2952; x_wconf 92' lang='lat' dir='ltr'><strong>sed</strong></span> <span class='ocrx_word' id='word_1_261' title='bbox 1318 2887 1425 2953; x_wconf 89' lang='lat' dir='ltr'><strong>ludicri</strong></span> 
     </span>
     <span class='ocr_line' id='line_1_31' title="bbox 252 2969 1424 3062; baseline -0.001 -25"><span class='ocrx_word' id='word_1_262' title='bbox 252 2973 374 3060; x_wconf 88' lang='lat' dir='ltr'><strong>quidet</strong></span> <span class='ocrx_word' id='word_1_263' title='bbox 398 2971 500 3037; x_wconf 86' lang='lat' dir='ltr'><strong>festivi</strong></span> <span class='ocrx_word' id='word_1_264' title='bbox 526 2972 649 3036; x_wconf 84' lang='lat' dir='ltr'><strong><em>subesse</em></strong></span> <span class='ocrx_word' id='word_1_265' title='bbox 675 2971 786 3036; x_wconf 90' lang='lat' dir='ltr'><strong>indicat</strong></span> <span class='ocrx_word' id='word_1_266' title='bbox 812 2973 877 3062; x_wconf 87' lang='lat' dir='ltr'><strong>ipse</strong></span> <span class='ocrx_word' id='word_1_267' title='bbox 898 2973 1024 3054; x_wconf 83' lang='lat' dir='ltr'><strong>Pollux,</strong></span> <span class='ocrx_word' id='word_1_268' title='bbox 1059 2995 1123 3037; x_wconf 92' lang='lat' dir='ltr'><strong><em>cum</em></strong></span> <span class='ocrx_word' id='word_1_269' title='bbox 1151 2971 1236 3036; x_wconf 86' lang='lat' dir='ltr'><strong>dicit:</strong></span> <span class='ocrx_word' id='word_1_270' title='bbox 1273 2969 1347 3035; x_wconf 75' lang='grc' dir='ltr'><strong><em>ὅθεν</em></strong></span> <span class='ocrx_word' id='word_1_271' title='bbox 1373 2976 1424 3036; x_wconf 82' lang='grc' dir='ltr'><strong><em>καλ</em></strong></span> 
     </span>
     <span class='ocr_line' id='line_1_32' title="bbox 252 3056 1424 3144; baseline -0.001 -20"><span class='ocrx_word' id='word_1_272' title='bbox 252 3059 399 3144; x_wconf 83' lang='grc' dir='ltr'><strong><em>Κρατίνῳ</em></strong></span> <span class='ocrx_word' id='word_1_273' title='bbox 427 3057 605 3121; x_wconf 74' lang='grc' dir='ltr'><strong><em>πέπαικταιε</em></strong></span> <span class='ocrx_word' id='word_1_274' title='bbox 666 3077 703 3120; x_wconf 93' lang='lat' dir='ltr'><strong><em>uo</em></strong></span> <span class='ocrx_word' id='word_1_275' title='bbox 730 3057 822 3122; x_wconf 84' lang='lat' dir='ltr'><strong>verbo</strong></span> <span class='ocrx_word' id='word_1_276' title='bbox 844 3059 1028 3144; x_wconf 80' lang='lat' dir='ltr'><strong>grammatici</strong></span> <span class='ocrx_word' id='word_1_277' title='bbox 1051 3058 1155 3143; x_wconf 90' lang='lat' dir='ltr'><strong>ubique</strong></span> <span class='ocrx_word' id='word_1_278' title='bbox 1177 3056 1349 3144; x_wconf 82' lang='lat' dir='ltr'><strong>significant</strong></span> <span class='ocrx_word' id='word_1_279' title='bbox 1370 3058 1424 3123; x_wconf 91' lang='lat' dir='ltr'><strong>ali-</strong></span> 
     </span>
     <span class='ocr_line' id='line_1_33' title="bbox 253 3076 1424 3231; baseline 0.001 -23"><span class='ocrx_word' id='word_1_280' title='bbox 253 3143 322 3230; x_wconf 89' lang='lat' dir='ltr'><strong>quid</strong></span> <span class='ocrx_word' id='word_1_281' title='bbox 343 3165 362 3206; x_wconf 95' lang='lat' dir='ltr'><strong>a</strong></span> <span class='ocrx_word' id='word_1_282' title='bbox 383 3143 501 3206; x_wconf 90' lang='lat' dir='ltr'><strong>comicis</strong></span> <span class='ocrx_word' id='word_1_283' title='bbox 523 3141 631 3207; x_wconf 90' lang='lat' dir='ltr'><strong>comice</strong></span> <span class='ocrx_word' id='word_1_284' title='bbox 648 3076 761 3206; x_wconf 73' lang='lat' dir='ltr'><strong>dictum</strong></span> <span class='ocrx_word' id='word_1_285' title='bbox 782 3143 918 3206; x_wconf 87' lang='lat' dir='ltr'><strong>fictumve</strong></span> <span class='ocrx_word' id='word_1_286' title='bbox 945 3163 1041 3206; x_wconf 77' lang='lat' dir='ltr'><strong>essez·</strong></span> <span class='ocrx_word' id='word_1_287' title='bbox 1059 3142 1101 3206; x_wconf 92' lang='lat' dir='ltr'><strong>ita</strong></span> <span class='ocrx_word' id='word_1_288' title='bbox 1124 3141 1236 3206; x_wconf 84' lang='lat' dir='ltr'><strong>Pollux</strong></span> <span class='ocrx_word' id='word_1_289' title='bbox 1256 3163 1347 3231; x_wconf 85' lang='lat' dir='ltr'><strong>supra</strong></span> <span class='ocrx_word' id='word_1_290' title='bbox 1368 3143 1424 3210; x_wconf 91' lang='grc' dir='ltr'><strong><em>ΠΙ.</em></strong></span> 
     </span>
     <span class='ocr_line' id='line_1_34' title="bbox 252 3221 1425 3313; baseline -0.001 -19"><span class='ocrx_word' id='word_1_291' title='bbox 252 3229 328 3294; x_wconf 79' lang='lat'>1⁰9:</span> <span class='ocrx_word' id='word_1_292' title='bbox 366 3221 405 3291; x_wconf 80' lang='lat' dir='ltr'><strong><em>‘O</em></strong></span> <span class='ocrx_word' id='word_1_293' title='bbox 429 3223 605 3304; x_wconf 82' lang='grc' dir='ltr'><strong><em>Εὐπόλιδος</em></strong></span> <span class='ocrx_word' id='word_1_294' title='bbox 624 3222 762 3302; x_wconf 85' lang='grc' dir='ltr'><strong><em>πλοάταξ</em></strong></span> <span class='ocrx_word' id='word_1_295' title='bbox 781 3226 954 3290; x_wconf 74' lang='grc' dir='ltr'><strong><em>πέπαικται.</em></strong></span> <span class='ocrx_word' id='word_1_296' title='bbox 996 3227 1168 3313; x_wconf 83' lang='lat' dir='ltr'><strong>Hesychius</strong></span> <span class='ocrx_word' id='word_1_297' title='bbox 1193 3224 1335 3292; x_wconf 87' lang='grc' dir='ltr'><strong><em>Δοκικώ·</em></strong></span> <span class='ocrx_word' id='word_1_298' title='bbox 1357 3227 1425 3293; x_wconf 72' lang='lat' dir='ltr'><strong>duri</strong></span> 
     </span>
     <span class='ocr_line' id='line_1_35' title="bbox 251 3307 1424 3416; baseline 0 -38"><span class='ocrx_word' id='word_1_299' title='bbox 251 3318 308 3378; x_wconf 82' lang='grc' dir='ltr'><strong><em>τοῦ</em></strong></span> <span class='ocrx_word' id='word_1_300' title='bbox 335 3307 444 3378; x_wconf 86' lang='grc' dir='ltr'><strong><em>Δοκώ·</em></strong></span> <span class='ocrx_word' id='word_1_301' title='bbox 477 3311 580 3388; x_wconf 76' lang='grc' dir='ltr'><strong><em>έπαιξε</em></strong></span> <span class='ocrx_word' id='word_1_302' title='bbox 612 3311 646 3376; x_wconf 80' lang='grc' dir='ltr'><strong><em>δέ</em></strong></span> <span class='ocrx_word' id='word_1_303' title='bbox 675 3308 850 3397; x_wconf 79' lang='grc' dir='ltr'><strong><em>Ἕρμιππος</em></strong></span> <span class='ocrx_word' id='word_1_304' title='bbox 876 3313 912 3376; x_wconf 76' lang='grc' dir='ltr'><strong><em>ἓν</em></strong></span> <span class='ocrx_word' id='word_1_305' title='bbox 929 3309 1171 3396; x_wconf 84' lang='grc' dir='ltr'><strong><em>Ἀρτοπώλισιν.</em></strong></span> <span class='ocrx_word' id='word_1_306' title='bbox 1204 3319 1234 3376; x_wconf 90' lang='lat' dir='ltr'><strong><em>et</em></strong></span> <span class='ocrx_word' id='word_1_307' title='bbox 1255 3313 1299 3378; x_wconf 93' lang='lat' dir='ltr'><strong>sic</strong></span> <span class='ocrx_word' id='word_1_308' title='bbox 1319 3333 1424 3416; x_wconf 73' lang='lat' dir='ltr'><strong>saepe-</strong></span> 
     </span>
     <span class='ocr_line' id='line_1_36' title="bbox 252 3394 1424 3483; baseline 0.001 -20"><span class='ocrx_word' id='word_1_309' title='bbox 252 3419 385 3466; x_wconf 90' lang='lat' dir='ltr'><strong>numero.</strong></span> <span class='ocrx_word' id='word_1_310' title='bbox 427 3397 571 3464; x_wconf 85' lang='lat' dir='ltr'><strong>Fortasse</strong></span> <span class='ocrx_word' id='word_1_311' title='bbox 591 3394 732 3462; x_wconf 83' lang='lat' dir='ltr'><strong>Cratinus</strong></span> <span class='ocrx_word' id='word_1_312' title='bbox 754 3395 848 3461; x_wconf 87' lang='lat' dir='ltr'><strong>voluit</strong></span> <span class='ocrx_word' id='word_1_313' title='bbox 864 3396 1054 3479; x_wconf 85' lang='lat' dir='ltr'><strong>discordiam,</strong></span> <span class='ocrx_word' id='word_1_314' title='bbox 1076 3418 1150 3483; x_wconf 87' lang='lat' dir='ltr'><strong>quae</strong></span> <span class='ocrx_word' id='word_1_315' title='bbox 1172 3395 1356 3482; x_wconf 80' lang='lat' dir='ltr'><strong>Thuriorum</strong></span> <span class='ocrx_word' id='word_1_316' title='bbox 1377 3421 1424 3464; x_wconf 86' lang='lat' dir='ltr'><strong>rn-</strong></span> 
     </span>
     <span class='ocr_line' id='line_1_37' title="bbox 250 3481 1424 3572; baseline -0.001 -23"><span class='ocrx_word' id='word_1_317' title='bbox 250 3481 333 3550; x_wconf 70' lang='lat' dir='ltr'><strong>‘colas</strong></span> <span class='ocrx_word' id='word_1_318' title='bbox 346 3484 511 3570; x_wconf 74' lang='lat' dir='ltr'><strong>vexaverit,</strong></span> <span class='ocrx_word' id='word_1_319' title='bbox 532 3481 720 3570; x_wconf 80' lang='lat' dir='ltr'><strong>significare:</strong></span> <span class='ocrx_word' id='word_1_320' title='bbox 742 3481 830 3550; x_wconf 81' lang='lat' dir='ltr'><strong>Plato</strong></span> <span class='ocrx_word' id='word_1_321' title='bbox 849 3488 928 3548; x_wconf 88' lang='lat' dir='ltr'><strong>certe</strong></span> <span class='ocrx_word' id='word_1_322' title='bbox 948 3505 1009 3548; x_wconf 89' lang='lat' dir='ltr'><strong><em>non</em></strong></span> <span class='ocrx_word' id='word_1_323' title='bbox 1030 3483 1143 3572; x_wconf 88' lang='lat' dir='ltr'><strong>dispari</strong></span> <span class='ocrx_word' id='word_1_324' title='bbox 1162 3503 1285 3572; x_wconf 85' lang='lat' dir='ltr'><strong>prorsus</strong></span> <span class='ocrx_word' id='word_1_325' title='bbox 1306 3484 1424 3549; x_wconf 87' lang='lat' dir='ltr'><strong>ratione</strong></span> 
     </span>
     <span class='ocr_line' id='line_1_38' title="bbox 252 3563 1502 3658; baseline -0.002 -23"><span class='ocrx_word' id='word_1_326' title='bbox 252 3569 285 3635; x_wconf 85' lang='lat' dir='ltr'><strong><em>in</em></strong></span> <span class='ocrx_word' id='word_1_327' title='bbox 298 3568 388 3636; x_wconf 82' lang='lat' dir='ltr'><strong>Civit.</strong></span> <span class='ocrx_word' id='word_1_328' title='bbox 404 3569 458 3638; x_wconf 87' lang='lat' dir='ltr'><strong><em>IV.</em></strong></span> <span class='ocrx_word' id='word_1_329' title='bbox 473 3591 502 3658; x_wconf 83' lang='lat' dir='ltr'><strong><em>p.</em></strong></span> <span class='ocrx_word' id='word_1_330' title='bbox 519 3567 593 3633; x_wconf 74' lang='lat'><strong><em>423.</em></strong></span> <span class='ocrx_word' id='word_1_331' title='bbox 615 3564 655 3631; x_wconf 85' lang='grc' dir='ltr'><strong><em>Α.</em></strong></span> <span class='ocrx_word' id='word_1_332' title='bbox 671 3565 760 3632; x_wconf 81' lang='lat' dir='ltr'><strong>dixit:</strong></span> <span class='ocrx_word' id='word_1_333' title='bbox 788 3563 922 3651; x_wconf 85' lang='grc' dir='ltr'><strong><em>Ἑκάστη</em></strong></span> <span class='ocrx_word' id='word_1_334' title='bbox 941 3567 1000 3655; x_wconf 73' lang='grc' dir='ltr'><strong><em>γὰρ</em></strong></span> <span class='ocrx_word' id='word_1_335' title='bbox 1023 3568 1125 3633; x_wconf 78' lang='grc' dir='ltr'><strong><em>αὐτῶν</em></strong></span> <span class='ocrx_word' id='word_1_336' title='bbox 1146 3565 1248 3644; x_wconf 87' lang='grc' dir='ltr'><strong><em>πόλεις</em></strong></span> <span class='ocrx_word' id='word_1_337' title='bbox 1268 3569 1328 3634; x_wconf 81' lang='grc' dir='ltr'><strong><em>εἶσί</em></strong></span> <span class='ocrx_word' id='word_1_338' title='bbox 1337 3565 1423 3650; x_wconf 83' lang='grc' dir='ltr'><strong><em>πάμ-</em></strong></span> <span class='ocrx_word' id='word_1_339' title='bbox 1501 3605 1502 3648; x_wconf 49' lang='lat'>4</span> 
     </span>
     <span class='ocr_line' id='line_1_39' title="bbox 251 3645 1502 3754; baseline -0.003 -34"><span class='ocrx_word' id='word_1_340' title='bbox 251 3659 379 3730; x_wconf 86' lang='grc' dir='ltr'><strong><em>πολλοι,</em></strong></span> <span class='ocrx_word' id='word_1_341' title='bbox 401 3651 471 3716; x_wconf 79' lang='grc' dir='ltr'><strong><em>ἀλλ’</em></strong></span> <span class='ocrx_word' id='word_1_342' title='bbox 496 3651 532 3717; x_wconf 80' lang='grc' dir='ltr'><strong><em>οὗ</em></strong></span> <span class='ocrx_word' id='word_1_343' title='bbox 554 3646 651 3728; x_wconf 87' lang='grc' dir='ltr'><strong><em>πόλις,</em></strong></span> <span class='ocrx_word' id='word_1_344' title='bbox 672 3649 708 3715; x_wconf 88' lang='grc' dir='ltr'><strong><em>τὸ</em></strong></span> <span class='ocrx_word' id='word_1_345' title='bbox 734 3656 797 3717; x_wconf 88' lang='grc' dir='ltr'><strong><em>τῶν</em></strong></span> <span class='ocrx_word' id='word_1_346' title='bbox 817 3649 994 3733; x_wconf 85' lang='grc' dir='ltr'><strong><em>παιζόντων.</em></strong></span> <span class='ocrx_word' id='word_1_347' title='bbox 1016 3655 1067 3720; x_wconf 88' lang='lat' dir='ltr'><strong><em>ubi</em></strong></span> <span class='ocrx_word' id='word_1_348' title='bbox 1089 3652 1206 3720; x_wconf 77' lang='lat' dir='ltr'><strong>Scholt</strong></span> <span class='ocrx_word' id='word_1_349' title='bbox 1226 3645 1328 3729; x_wconf 90' lang='grc' dir='ltr'><strong><em>πόλεις</em></strong></span> <span class='ocrx_word' id='word_1_350' title='bbox 1348 3655 1422 3717; x_wconf 88' lang='grc' dir='ltr'><strong><em>παί-</em></strong></span> <span class='ocrx_word' id='word_1_351' title='bbox 1501 3659 1502 3754; x_wconf 56' lang='grc' dir='ltr'><strong><em>η</em></strong></span> 
     </span>
     <span class='ocr_line' id='line_1_40' title="bbox 251 3734 1502 3823; baseline 0 -21"><span class='ocrx_word' id='word_1_352' title='bbox 251 3741 311 3818; x_wconf 81' lang='grc' dir='ltr'><strong><em>ζειν</em></strong></span> <span class='ocrx_word' id='word_1_353' title='bbox 331 3734 410 3813; x_wconf 73' lang='grc' dir='ltr'><strong><em>εἶδός</em></strong></span> <span class='ocrx_word' id='word_1_354' title='bbox 431 3739 494 3801; x_wconf 74' lang='grc' dir='ltr'><strong><em>ἔστι</em></strong></span> <span class='ocrx_word' id='word_1_355' title='bbox 515 3741 708 3820; x_wconf 84' lang='grc' dir='ltr'><strong><em>πεττευτικής</em></strong></span> <span class='ocrx_word' id='word_1_356' title='bbox 728 3739 863 3815; x_wconf 84' lang='grc' dir='ltr'><strong><em>παιδιᾶς·</em></strong></span> <span class='ocrx_word' id='word_1_357' title='bbox 883 3744 1030 3820; x_wconf 83' lang='grc' dir='ltr'><strong><em>μετήκται</em></strong></span> <span class='ocrx_word' id='word_1_358' title='bbox 1052 3739 1086 3804; x_wconf 78' lang='grc' dir='ltr'><strong><em>δέ</em></strong></span> <span class='ocrx_word' id='word_1_359' title='bbox 1106 3741 1157 3803; x_wconf 81' lang='grc' dir='ltr'><strong><em>καί</em></strong></span> <span class='ocrx_word' id='word_1_360' title='bbox 1178 3741 1220 3814; x_wconf 81' lang='grc' dir='ltr'><strong><em>είς</em></strong></span> <span class='ocrx_word' id='word_1_361' title='bbox 1240 3739 1419 3823; x_wconf 84' lang='grc' dir='ltr'><strong><em>παροιμίαν.</em></strong></span> <span class='ocrx_word' id='word_1_362' title='bbox 1501 3793 1502 3818; x_wconf 43' lang='grc' dir='ltr'><strong><em>η</em></strong></span> 
     </span>
     <span class='ocr_line' id='line_1_41' title="bbox 252 3818 1502 3907; baseline 0.004 -18"><span class='ocrx_word' id='word_1_363' title='bbox 252 3821 302 3890; x_wconf 85' lang='lat' dir='ltr'><strong><em>Cf.</em></strong></span> <span class='ocrx_word' id='word_1_364' title='bbox 343 3827 478 3887; x_wconf 87' lang='lat' dir='ltr'><strong>raeterea</strong></span> <span class='ocrx_word' id='word_1_365' title='bbox 489 3818 673 3907; x_wconf 76' lang='lat' dir='ltr'><strong>Hesychia,</strong></span> <span class='ocrx_word' id='word_1_366' title='bbox 694 3823 744 3907; x_wconf 84' lang='lat' dir='ltr'><strong><em>qui</em></strong></span> <span class='ocrx_word' id='word_1_367' title='bbox 755 3823 838 3889; x_wconf 87' lang='lat' dir='ltr'><strong>dicit:</strong></span> <span class='ocrx_word' id='word_1_368' title='bbox 860 3820 1002 3902; x_wconf 86' lang='grc' dir='ltr'><strong><em>Πόλεις</em></strong></span> <span class='ocrx_word' id='word_1_369' title='bbox 1021 3825 1182 3902; x_wconf 79' lang='grc' dir='ltr'><strong><em>παίζειν·</em></strong></span> <span class='ocrx_word' id='word_1_370' title='bbox 1204 3825 1421 3906; x_wconf 87' lang='grc' dir='ltr'><strong><em>παροιμιῶδες.</em></strong></span> <span class='ocrx_word' id='word_1_371' title='bbox 1501 3835 1502 3894; x_wconf 89' lang='lat' dir='ltr'><strong>l</strong></span> 
     </span>
     <span class='ocr_line' id='line_1_42' title="bbox 250 3844 1422 3997; baseline 0.003 -26"><span class='ocrx_word' id='word_1_372' title='bbox 250 3909 301 3971; x_wconf 82' lang='grc' dir='ltr'><strong><em>κοιλ</em></strong></span> <span class='ocrx_word' id='word_1_373' title='bbox 323 3844 411 3972; x_wconf 75' lang='grc' dir='ltr'><strong><em>δοκεῖ</em></strong></span> <span class='ocrx_word' id='word_1_374' title='bbox 425 3907 643 3988; x_wconf 74' lang='grc' dir='ltr'><strong><em>μετενηνέχθαι</em></strong></span> <span class='ocrx_word' id='word_1_375' title='bbox 664 3903 725 3972; x_wconf 81' lang='grc' dir='ltr'><strong><em>ἀπὸ</em></strong></span> <span class='ocrx_word' id='word_1_376' title='bbox 736 3914 797 3971; x_wconf 89' lang='grc' dir='ltr'><strong><em>τῶν</em></strong></span> <span class='ocrx_word' id='word_1_377' title='bbox 807 3918 876 3985; x_wconf 87' lang='grc' dir='ltr'><strong><em>ταῖς</em></strong></span> <span class='ocrx_word' id='word_1_378' title='bbox 888 3905 1009 3997; x_wconf 77' lang='grc' dir='ltr'><strong><em>ψήφοις</em></strong></span> <span class='ocrx_word' id='word_1_379' title='bbox 1019 3907 1197 3990; x_wconf 86' lang='grc' dir='ltr'><strong><em>παιζόντων,</em></strong></span> <span class='ocrx_word' id='word_1_380' title='bbox 1219 3909 1422 3994; x_wconf 82' lang='grc' dir='ltr'><strong><em>ταῖςλεχομέ-</em></strong></span> 
     </span>
     <span class='ocr_line' id='line_1_43' title="bbox 248 3987 907 4077; baseline 0.002 -19"><span class='ocrx_word' id='word_1_381' title='bbox 248 4015 316 4069; x_wconf 84' lang='grc' dir='ltr'><strong><em>ναις</em></strong></span> <span class='ocrx_word' id='word_1_382' title='bbox 335 3997 391 4057; x_wconf 76' lang='grc' dir='ltr'><strong><em>νῦν</em></strong></span> <span class='ocrx_word' id='word_1_383' title='bbox 410 3990 467 4074; x_wconf 80' lang='grc' dir='ltr'><strong><em>μέν</em></strong></span> <span class='ocrx_word' id='word_1_384' title='bbox 484 3987 615 4077; x_wconf 87' lang='grc' dir='ltr'><strong><em>χώραις,</em></strong></span> <span class='ocrx_word' id='word_1_385' title='bbox 636 3991 705 4056; x_wconf 77' lang='grc' dir='ltr'><strong><em>τοτὲ</em></strong></span> <span class='ocrx_word' id='word_1_386' title='bbox 726 3993 759 4057; x_wconf 79' lang='grc' dir='ltr'><strong><em>δὲ</em></strong></span> <span class='ocrx_word' id='word_1_387' title='bbox 778 3990 907 4059; x_wconf 85' lang='grc' dir='ltr'><strong><em>Πόλεσι.</em></strong></span> 
     </span>
     <span class='ocr_line' id='line_1_44' title="bbox 333 4073 1502 4168; baseline 0.003 -26"><span class='ocrx_word' id='word_1_388' title='bbox 333 4076 385 4142; x_wconf 83' lang='lat' dir='ltr'><strong><em>Ad</em></strong></span> <span class='ocrx_word' id='word_1_389' title='bbox 414 4076 534 4142; x_wconf 87' lang='lat' dir='ltr'><strong>chorum</strong></span> <span class='ocrx_word' id='word_1_390' title='bbox 560 4073 767 4164; x_wconf 80' lang='lat' dir='ltr'><strong>Fugitivarum</strong></span> <span class='ocrx_word' id='word_1_391' title='bbox 791 4079 909 4144; x_wconf 89' lang='lat' dir='ltr'><strong>videtur</strong></span> <span class='ocrx_word' id='word_1_392' title='bbox 935 4081 1036 4145; x_wconf 65' lang='lat' dir='ltr'><strong>etiam,</strong></span> <span class='ocrx_word' id='word_1_393' title='bbox 1052 4077 1105 4144; x_wconf 93' lang='lat' dir='ltr'><strong>ille</strong></span> <span class='ocrx_word' id='word_1_394' title='bbox 1130 4099 1236 4145; x_wconf 86' lang='lat' dir='ltr'><strong>uersus</strong></span> <span class='ocrx_word' id='word_1_395' title='bbox 1257 4079 1421 4168; x_wconf 80' lang='lat' dir='ltr'><strong>pertinere,</strong></span> <span class='ocrx_word' id='word_1_396' title='bbox 1501 4083 1502 4092; x_wconf 77' lang='grc'>’</span> 
     </span>
     <span class='ocr_line' id='line_1_45' title="bbox 247 4159 1320 4252; baseline 0 -23"><span class='ocrx_word' id='word_1_397' title='bbox 247 4181 333 4251; x_wconf 77' lang='lat' dir='ltr'><strong>quem</strong></span> <span class='ocrx_word' id='word_1_398' title='bbox 354 4162 486 4228; x_wconf 87' lang='lat' dir='ltr'><strong>servavit</strong></span> <span class='ocrx_word' id='word_1_399' title='bbox 505 4159 679 4227; x_wconf 85' lang='lat' dir='ltr'><strong>Athenaeus</strong></span> <span class='ocrx_word' id='word_1_400' title='bbox 698 4162 753 4228; x_wconf 84' lang='lat' dir='ltr'><strong><em>Xl.</em></strong></span> <span class='ocrx_word' id='word_1_401' title='bbox 779 4185 809 4252; x_wconf 87' lang='lat' dir='ltr'><strong><em>p.</em></strong></span> <span class='ocrx_word' id='word_1_402' title='bbox 829 4165 904 4231; x_wconf 78' lang='lat'><strong>501.</strong></span> <span class='ocrx_word' id='word_1_403' title='bbox 924 4163 965 4230; x_wconf 88' lang='lat' dir='ltr'><strong><em>D.</em></strong></span> <span class='ocrx_word' id='word_1_404' title='bbox 987 4163 1094 4250; x_wconf 88' lang='lat' dir='ltr'><strong>aliique</strong></span> <span class='ocrx_word' id='word_1_405' title='bbox 1116 4163 1320 4231; x_wconf 81' lang='lat' dir='ltr'><strong>Grammatici:</strong></span> 
     </span>
     <span class='ocr_line' id='line_1_46' title="bbox 332 4243 1502 4335; baseline 0 -23"><span class='ocrx_word' id='word_1_406' title='bbox 332 4246 471 4330; x_wconf 75' lang='grc' dir='ltr'><strong><em>Δέχεσθε</em></strong></span> <span class='ocrx_word' id='word_1_407' title='bbox 492 4243 607 4333; x_wconf 82' lang='grc' dir='ltr'><strong><em>φιάλας</em></strong></span> <span class='ocrx_word' id='word_1_408' title='bbox 626 4243 737 4312; x_wconf 87' lang='grc' dir='ltr'><strong><em>τοόσδε</em></strong></span> <span class='ocrx_word' id='word_1_409' title='bbox 756 4246 1055 4335; x_wconf 77' lang='grc' dir='ltr'><strong><em>βαλανειομφάλους.</em></strong></span> <span class='ocrx_word' id='word_1_410' title='bbox 1501 4295 1502 4330; x_wconf 52' lang='lat'>3</span> 
     </span>
     <span class='ocr_line' id='line_1_47' title="bbox 246 4332 1502 4420; baseline -0.003 -22"><span class='ocrx_word' id='word_1_411' title='bbox 246 4351 322 4420; x_wconf 79' lang='lat' dir='ltr'><strong>quae</strong></span> <span class='ocrx_word' id='word_1_412' title='bbox 348 4333 441 4398; x_wconf 75' lang='lat' dir='ltr'><strong>uerba</strong></span> <span class='ocrx_word' id='word_1_413' title='bbox 472 4333 601 4399; x_wconf 81' lang='lat' dir='ltr'><strong>fortasse</strong></span> <span class='ocrx_word' id='word_1_414' title='bbox 629 4339 699 4398; x_wconf 85' lang='lat' dir='ltr'><strong>sunt</strong></span> <span class='ocrx_word' id='word_1_415' title='bbox 724 4332 804 4401; x_wconf 67' lang='lat' dir='ltr'><strong>laam</strong></span> <span class='ocrx_word' id='word_1_416' title='bbox 824 4335 910 4419; x_wconf 82' lang='lat' dir='ltr'><strong>onis,</strong></span> <span class='ocrx_word' id='word_1_417' title='bbox 970 4334 1001 4399; x_wconf 93' lang='lat' dir='ltr'><strong><em>ui</em></strong></span> <span class='ocrx_word' id='word_1_418' title='bbox 1049 4353 1086 4397; x_wconf 91' lang='lat' dir='ltr'><strong><em>uo</em></strong></span> <span class='ocrx_word' id='word_1_419' title='bbox 1112 4332 1172 4398; x_wconf 88' lang='lat' dir='ltr'><strong>ritu</strong></span> <span class='ocrx_word' id='word_1_420' title='bbox 1202 4353 1288 4400; x_wconf 87' lang='lat' dir='ltr'><strong>sacra</strong></span> <span class='ocrx_word' id='word_1_421' title='bbox 1313 4340 1420 4400; x_wconf 88' lang='lat' dir='ltr'><strong>essent</strong></span> <span class='ocrx_word' id='word_1_422' title='bbox 1487 4375 1502 4416; x_wconf 21' lang='lat' dir='ltr'><strong><em>&#39;t</em></strong></span> 
     </span>
     <span class='ocr_line' id='line_1_48' title="bbox 226 4354 1502 4509; baseline 0 -25"><span class='ocrx_word' id='word_1_423' title='bbox 226 4417 443 4509; x_wconf 53' lang='lat' dir='ltr'><strong>&#39;perficienda</strong></span> <span class='ocrx_word' id='word_1_424' title='bbox 464 4418 585 4489; x_wconf 80' lang='lat' dir='ltr'><strong>edorum</strong></span> <span class='ocrx_word' id='word_1_425' title='bbox 604 4419 751 4488; x_wconf 86' lang='lat' dir='ltr'><strong>monebat.</strong></span> <span class='ocrx_word' id='word_1_426' title='bbox 771 4429 774 4436; x_wconf 56' lang='lat'><strong>⁴</strong></span> <span class='ocrx_word' id='word_1_427' title='bbox 794 4357 934 4490; x_wconf 72' lang='lat' dir='ltr'><strong>dearum</strong></span> <span class='ocrx_word' id='word_1_428' title='bbox 951 4354 1006 4492; x_wconf 77' lang='lat' dir='ltr'><strong><em>dle</em></strong></span> <span class='ocrx_word' id='word_1_429' title='bbox 1055 4419 1174 4488; x_wconf 84' lang='lat' dir='ltr'><strong>theraei</strong></span> <span class='ocrx_word' id='word_1_430' title='bbox 1193 4417 1276 4490; x_wconf 82' lang='lat' dir='ltr'><strong>locus</strong></span> <span class='ocrx_word' id='word_1_431' title='bbox 1297 4439 1333 4484; x_wconf 89' lang='lat' dir='ltr'><strong><em>eo</em></strong></span> <span class='ocrx_word' id='word_1_432' title='bbox 1354 4440 1418 4486; x_wconf 85' lang='lat' dir='ltr'><strong>ma·</strong></span> <span class='ocrx_word' id='word_1_433' title='bbox 1501 4425 1502 4484; x_wconf 81' lang='lat' dir='ltr'><strong>l</strong></span> 
     </span>
    </p>
   </div>
   <div class='ocr_carea' id='block_1_3' title="bbox 1496 4863 1502 5040">
    <p class='ocr_par' dir='ltr' id='par_1_3' title="bbox 1496 4863 1502 5040">
     <span class='ocr_line' id='line_1_49' title="bbox 1496 4863 1502 5040; baseline 0 0"><span class='ocrx_word' id='word_1_434' title='bbox 1496 4863 1502 5040; x_wconf 88' lang='lat' dir='ltr'><strong>l</strong></span> 
     </span>
    </p>
   </div>
   <div class='ocr_carea' id='block_1_4' title="bbox 0 0 1514 5064">
    <p class='ocr_par' dir='ltr' id='par_1_4' title="bbox 0 0 1514 5064">
     <span class='ocr_line' id='line_1_50' title="bbox 0 0 1514 5064; baseline 0 1"><span class='ocrx_word' id='word_1_435' title='bbox 0 0 1514 5064; x_wconf 95' lang='lat' dir='ltr'><strong><em> </em></strong></span> 
     </span>
    </p>
   </div>
  </div>
 </body>
</html>
