3018 5064
248 333 293 404 e:
437 315 439 320 ’
626 290 1094 420 commoneremus

250 499 353 592 ἓαντῷ
378 504 514 594 κατᾷσατ
540 501 601 580 δεῖ,
635 496 794 586 προσέχων
822 495 912 564 οὐδὲν
937 505 982 586 τῷ
1003 499 1235 586 προκαθημένῳ
1261 501 1314 566 καὶ
1335 497 1415 568 διδοῖ·
1486 493 1487 576 l

250 611 354 655 ακοντι
373 585 428 654 τόν
445 581 554 674 χορόν,
589 583 660 650 ἀλλ’
685 583 778 660 αὐτὸς
798 583 877 649 noth
898 581 1016 650 τοότων
1036 583 1246 673 ἀτακτότερός·
1264 587 1330 652 ἔστι
1349 591 1421 652 dec·
1486 633 1487 650 i

249 669 316 758 τῆς.
358 671 445 739 llaec
456 679 552 737 autem
564 669 698 736 Thracia
712 691 808 752 saera,
830 675 861 734 nt
880 670 1021 759 pleraque
1042 691 1117 756 quae
1138 672 1176 736 ab
1198 671 1314 736 exteris
1331 669 1421 737 Grae·

251 759 279 824 ci
307 758 492 840 asdverunt,
525 757 653 856 monimo
674 755 812 820 tibiarum
836 755 974 855 'strepitu'
985 763 1249 858 tympanorumque
1271 756 1421 856 clangore,
1486 791 1487 828 ι

251 843 356 931 quibus
376 842 633 908 uehemenhssrme
654 846 907 905 commoverentur
926 861 1023 906 ammi
1038 847 1068 905 et
1081 847 1294 930 superstitione
1314 842 1421 906 nmbue-
1486 881 1487 926 ι

251 934 374 1009 rentur,
401 926 550 991 celebrata
570 947 638 990 esse
658 924 810 1014 probabile
832 932 892 1007 est,
920 946 985 990 cnm
1006 947 1042 990 ea
1063 947 1165 1008 saera,
1196 947 1273 1012 qnae
1295 947 1315 989 a
1335 926 1420 990 maio-

250 1015 333 1080 ribus
356 1009 465 1078 Graeci
485 1015 675 1099 acceperant,
695 1009 785 1074 hilari
806 1009 936 1074 citharae
949 1016 1052 1092 cantu,
1073 1017 1237 1100 temperato
1247 1011 1339 1076 tibiae
1351 1017 1421 1082 stre·

250 1099 330 1189 pitu,
370 1095 561 1184 lepidissimis
589 1094 721 1176 choreis,
762 1095 941 1159 carminibus
968 1095 1148 1160 solemnibus
1177 1095 1354 1184 gauderent
1381 1131 1420 1146 -

250 1183 303 1250 Ad
323 1202 439 1247 sacrum
459 1180 606 1261 furorem,
642 1200 698 1266 qno
723 1179 828 1268 perciti
848 1185 950 1262 erant,
983 1180 1033 1265 qni
1052 1179 1220 1246 Bendidem
1240 1181 1421 1245 venerubae·

251 1275 317 1350 tur,
358 1266 466 1331 ertinet
486 1265 563 1352 quod
582 1264 708 1330 Photius
735 1264 866 1330 servavit
907 1263 1011 1346 ,183‚
1034 1265 1068 1330 1:
1113 1261 1282 1348 Κόβηβον·
1304 1267 1421 1351 Κρατῖ-

251 1377 304 1429 νος
333 1288 504 1441 ὃρᾴτταις·
519 1423 524 1430 ,
539 1353 594 1414 τόν
619 1343 829 1436 θεοφόρητον·
892 1373 965 1426 ωνες
994 1349 1029 1414 δέ
1053 1349 1107 1414 τόν
1132 1345 1354 1438 μητραγόρτην
1373 1351 1420 1415 καὶ

250 1433 364 1524 poili-ov
390 1440 445 1500 νῦν
466 1431 668 1517 καλούμενον·
702 1434 798 1510 οὕτως
818 1435 1001 1518 Σιμωνίδης.
1043 1433 1091 1500 Eo
1113 1442 1210 1502 antem
1232 1437 1352 1503 nomine
1372 1437 1419 1500 ho-

252 1522 348 1589 mines
368 1519 514 1586 Bnndidis
535 1519 743 1610 superstitione
765 1525 915 1608 correptos
934 1519 1078 1608 appellari
1098 1521 1220 1586 minime
1241 1521 1348 1586 mirum
1367 1526 1418 1602 est,

253 1606 485 1696 qnandoquidem
512 1606 599 1672 etiam
628 1606 695 1694 ipsa
720 1603 834 1670 Bendis
855 1627 978 1669 nennun
997 1627 1065 1669 uam
1084 1605 1203 1669 videtur
1224 1602 1361 1687 Κοβήβη
1381 1604 1418 1669 di-

253 1699 301 1758 cta
321 1713 405 1775 esse,
425 1691 485 1756 vid.
506 1689 692 1777 Hesychius:
736 1685 869 1772 Κοβήκη
890 1691 942 1754 καὶ
967 1627 1099 1774 ὃρηῖκη.
1120 1690 1252 1754 Βόνδιν·
1285 1686 1371 1754 ἄλλοι
1390 1687 1419 1753 δέ

247 1775 401 1864 Ἄρτεμιν.
422 1774 473 1839 nbi
493 1775 700 1863 corrigendum
723 1774 873 1838 existimo:
898 1770 1035 1856 Κοβὴβη
1051 1775 1201 1860 Θρηῖκῖη·
1223 1775 1348 1850 Βένδις·
1369 1769 1418 1838 db-

252 1866 302 1926 λοι
323 1860 372 1940 δι’,
399 1856 551 1946 Ἄρτεμιν.
582 1867 615 1923 ut
634 1865 722 1948 poeta
741 1858 842 1924 nescio
864 1859 929 1946 quis
950 1857 1070 1924 Bendin
1090 1859 1245 1924 vocaverit
1264 1859 1418 1925 Thracian

245 1945 419 2065 „Cybebenp
434 1945 496 2010 nisi
514 1944 600 2010 malis
621 1943 766 2010 scribere:
809 1940 962 2028 Καβήβη·
985 1943 1108 2036 Θρᾷκες
1128 1943 1255 2024 Βένδιν,
1284 1941 1372 2010 ἄλλοι
1390 1942 1419 2008 δὲ

246 2031 445 2180 Amlltddedo
471 2114 512 2180 'an
539 2101 681 2180 Cratinus
709 2113 798 2178 etiam
827 2112 902 2196 alia,
934 2134 1009 2199 quae
1035 2135 1090 2201 per
1115 2083 1191 2178 sea
1212 2112 1357 2180 Bendidis
1376 2133 1418 2178 re·

252 2200 367 2289 ligione
388 2198 486 2288 aliena
507 2205 609 2281 erant,
635 2203 756 2288 propter
777 2197 997 2295 similitudinem
1018 2199 1074 2262 huc
1095 2198 1297 2264 transtulerit:
1329 2199 1418 2282 itaque

253 2287 384 2352 fortasse
405 2304 445 2348 ex
464 2284 522 2347 bac
548 2282 698 2348 comoedia
726 2281 783 2347 dne
805 2281 945 2348 versicuh
966 2287 1035 2346 sunt
1082 2283 1162 2364 euti,
1196 2304 1269 2369 quos
1296 2281 1418 2350 servavit

254 2367 439 2460 Hephaestio
460 2389 489 2457 p.
511 2367 554 2434 56
574 2374 626 2431 tan
644 2389 712 2432 nam
733 2367 899 2457 exemplum
929 2366 1016 2432 metri
1035 2305 1217 2452 Phalaecei,
1246 2390 1303 2435 nec
1322 2371 1418 2459 poetae

253 2477 311 2520 uec
330 2451 450 2518 fabulae
470 2452 590 2518 nomine
611 2388 739 2517 eliceto:

338 2534 439 2623 Χαῖρ’
463 2529 718 2622 ὦχρνσοκόρως,
752 2531 914 2619 βαβόκτα,
946 2530 1056 2620 κη’λων,

339 2618 427 2699 Πόν,
451 2619 646 2707 Πελασγικόν
659 2618 769 2706 ’Άρχος
790 2617 975 2702 ἐμβατεύων.

255 2709 310 2776 sed
337 2705 454 2774 Cratini
473 2707 549 2773 haec
574 2727 642 2772 esse
663 2707 748 2772 docet
768 2713 870 2771 auctor
889 2705 1019 2794 Etymol.
1040 2705 1085 2772 Μ.
1106 2727 1136 2796 p.
1158 2707 1234 2792 183,
1255 2707 1314 2776 42:
1356 2708 1418 2770 Βα-

254 2789 386 2877 βόκτης,
409 2788 575 2879 ὄρχῆστης,
602 2787 709 2871 λάλος,
736 2787 908 2876 μανιώδης,
934 2789 1119 2875 βακχεότης·
1141 2791 1260 2877 λέγεται
1282 2791 1316 2857 δὲ
1335 2785 1417 2855 καὶὸ

254 2874 353 2944 Πόν·Ι
377 2879 548 2965 Κρατῖνος·
582 2879 683 2962 Χαῖρε
700 2877 878 2962 χροσοκέρω
904 2872 1050 2958 βαβόκτα
1070 2874 1171 2960 alter
1191 2873 1278 2943 Πόν.
1323 2873 1418 2940 Reteli

254 2970 352 3030 auten:
372 2963 447 3030 baec
473 2963 512 3029 ad
538 2961 712 3044 Thressas,
743 2983 915 3049 quamquam
942 2959 1072 3028 fortasse
1099 2983 1138 3027 cx
1164 2961 1265 3028 Idaeis
1292 2961 1341 3026 uel
1365 2959 1418 3025 alia

254 3049 357 3116 fabola
375 3049 468 3146 petita
488 3054 574 3113 sunt:
616 3047 712 3112 Panis
740 3055 836 3114 auten:
863 3047 971 3134 rehgio
999 3058 1029 3112 et
1055 3047 1121 3134 ipsa
1146 3047 1350 3114 vehementius
1369 3045 1417 3108 bo·
1486 3111 1487 3126 χ

255 3133 366 3198 minum
386 3153 501 3197 animos
529 3133 743 3213 commovebat,
773 3134 816 3196 ita
841 3137 873 3196 ot
897 3138 978 3195 recte
1004 3130 1182 3196 Plutarchus
1203 3135 1238 3198 in
1258 3131 1376 3198 Erotico
1395 3149 1417 3190 ο.

257 3219 299 3283 16
320 3239 385 3282 eam
407 3237 472 3282 cnm
492 3215 646 3280 Bacchicis
667 3223 697 3282 et
716 3215 850 3304 Magnae
870 3217 972 3280 matris
994 3216 1089 3281 saeris
1110 3217 1340 3308 comparaverit:
1375 3209 1416 3276 Tb

189 3381 192 3388 Α
255 3301 291 3367 δὲ
310 3306 454 3384 βακχεῖον
474 3301 507 3365 ἐκ
527 3297 694 3379 Διονύσου,

341 3385 429 3453 Κόιιτὶ
449 3381 645 3471 Κυρβάντεσι
664 3380 841 3472 χορεύσατε,

256 3471 334 3559 φησὶ
355 3471 529 3558 Σοφοκλῆς·
566 3469 607 3536 τό
632 3469 697 3620 γὰρ
717 3475 848 3558 μητρῷα
869 3471 920 3536 καῖ
942 3469 1056 3534 αανικδι
1076 3479 1216 3536 κοινωνεῖ
1230 3479 1295 3548 τοῖς
1314 3473 1415 3553 βακχι-

256 3564 323 3632 κοῖς
344 3553 531 3655 ὄρμασμοΐς.
552 3555 594 3622 ita
613 3579 650 3621 ue
700 3577 738 3620 an
759 3576 970 3658 saepenumero
990 3577 1057 3656 cum
1077 3564 1178 3624 matre¹
1191 3557 1335 3638 Deorum,
1358 3569 1415 3616 cum

257 3641 484 3730 corybantibus,
519 3663 583 3706 enm
637 3645 734 3724 ecate,
772 3639 839 3706 alns
867 3647 1065 3730 eompomtur‚
1102 3643 1163 3710 vid.
1203 3643 1270 3708 lura
1290 3632 1414 3724 exempla

257 3725 336 3818 apud
346 3725 532 3792 Winckelm.
553 3725 592 3793 ad
611 3725 691 3793 Plut
712 3748 742 3818 p.
763 3726 836 3793 173.
877 3724 1008 3792 Athenis
1029 3733 1163 3796 ontemc
1194 3723 1357 3794 tnmPanis
1372 3738 1414 3784 re·
1486 3703 1487 3792 l

327 4014 356 4082 ⁸)
390 4007 503 4098 Κῑξδῆῥη
528 4013 635 4096 opuniuo
656 4032 706 4086 pre
730 4007 843 4083 Κοβῆιιη
864 3995 1110 4070 seribendumest:
1143 4013 1223 4070 simili
1244 4025 1332 4068 errore
1351 4003 1415 4060 inne

258 4075 393 4150 Κόβικος·
421 4097 637 4152 οκατεχομενος
653 4083 685 4155 τῇ
699 4085 784 4156 μητρὶ
800 4085 855 4136 τοῖν
870 4085 955 4138 θεῶν.
977 4100 1028 4140 scr.
1045 4077 1172 4151 Κόβηβος
1187 4088 1216 4137 et
1231 4096 1314 4159 suprot
1325 4076 1415 4154 Κνβῖ·
1454 4113 1459 4130 i

258 4154 321 4205 καῖ·
352 4153 545 4222 occoeperat,
573 4153 748 4223 κορυβαντιᾷ.
778 4169 829 4206 sor.
846 4152 971 4220 Κυβηβᾷ.
994 4157 1022 4206 et
1037 4167 1129 4207 rursm
1145 4142 1272 4218 Κυβήκη·
1300 4165 1316 4210 ο
1354 4151 1413 4206 ovet

258 4219 315 4272 τῶν
329 4218 406 4270 θεῶν
421 4217 470 4270 καὶ
484 4212 501 4286 ἦ
515 4213 683 4288 Ἀφροδίτη.
699 4235 749 4274 scr.
767 4212 891 4288 Κυβήβη.
926 4219 970 4278 Cf.
990 4219 1103 4273 Photins
1124 4237 1152 4289 p.
1168 4218 1229 4285 182,
1246 4217 1294 4271 19:
1351 4210 1415 4284 vdll‘

258 4287 327 4354 βᾶν·
344 4288 509 4370 μαίνεσθαι,
527 4285 684 4339 ἔνθουσιᾶν.
702 4293 730 4341 et
745 4281 885 4355 Κόβηβος·
904 4282 919 4340 ὁ
936 4279 1119 4367 κατεχόμενος
1135 4305 1166 4369 pp
1175 4284 1266 4374 μητρὶ
1276 4280 1413 4353 τῶνθερινρ

259 4359 442 4424 θεοφόρητος.
477 4346 583 4426 Χάρων
599 4352 630 4406 δὲ
648 4349 663 4407 ὁ
679 4351 878 4427 Λαμψακηνός
901 4353 935 4412 ἐν
956 4355 988 4429 τῇ
1004 4371 1098 4430 ττρωτη
1115 4372 1163 4424 την
1187 4348 1348 4426 Λφροδίτην
1363 4351 1412 4392 nuo
1429 4427 1431 4430 Ι

262 4425 385 4497 Φρυχοῖν
401 4420 449 4474 καὶ
464 4421 570 4477 Λυδῶν
585 4415 717 4492 Καβήβην
732 4423 876 4494 λέγεσθαι,
