3096 5062
631 317 1033 394 COMMENTATICNES

530 1195 909 1400 purpure
970 1255 1062 1338 11.

687 1623 876 1700 CAPUT
926 1624 960 1699 1.

333 1797 468 1917 cratini
489 1850 619 1937 aequalis
640 1851 697 1916 fuit
714 1850 846 1934 Crates,
873 1853 916 1918 ita
934 1858 1033 1918 umen
1052 1857 1087 1917 ut
1105 1857 1176 1917 nato
1196 1851 1293 1916 minor
1313 1851 1409 1916 fuisse
1526 1859 1527 1872 ¹

245 1935 394 2002 rideatur:
417 1945 495 2004 certe
515 1937 654 2001 inclaruit
674 1959 709 2003 eo
725 1937 990 2026 demumtcmpore,
1010 1959 1097 2024 quum
1118 1937 1169 2002 ifle
1189 1937 1248 2000 ium
1269 1957 1408 2024 magnam

244 2029 275 2086 et
295 2023 495 2103 auctoritatem
515 2037 546 2086 et
565 2021 680 2086 laudem
708 2023 765 2086 sihi
787 2023 1019 2105 conciliavisset,
1040 2024 1109 2087 hinc
1129 2028 1209 2086 recta
1230 2019 1427 2120 Anonymus·

244 2106 282 2171 de
315 2107 464 2172 comoedia
494 2128 523 2194 p.
548 2106 593 2170 xl
627 2107 673 2172 ed.
704 2107 810 2173 Dindf.
843 2107 899 2174 hoc
932 2107 1036 2172 ordine
1071 2107 1206 2192 antiquae
1241 2107 1408 2172 comoediae
1526 2095 1527 2122 ¹

243 2201 345 2279 poetes
366 2201 515 2256 recenset:
540 2191 667 2255 Τούτων
678 2192 715 2256 δέ
725 2194 799 2255 εἰσιν
815 2189 1049 2276 ἀξιολογώτατοι
1055 2191 1251 2274 Ἐπίχαρμος,
1264 2187 1406 2273 Μάγνης,

244 2278 414 2359 Κρατῖνος,
437 2272 579 2361 Κράτης,
604 2272 805 2359 Φερεκράτης,
829 2273 990 2359 Φρύνιχος,
1013 2275 1155 2355 Εὔπολις,
1173 2272 1406 2364 Ἀριστοφάνης.

243 2359 323 2424 Idem
352 2359 473 2441 deinde,
501 2361 551 2422 uhi
572 2361 735 2426 accuratius
756 2362 925 2428 comoediae
945 2363 1113 2428 memoriam
1133 2362 1278 2442 illustrat,
1305 2369 1406 2450 aperis

244 2444 314 2508 dicit
335 2442 483 2510 Cratetem
504 2445 666 2508 insecutum
688 2467 755 2510 esse
777 2431 944 2510 Cratinum:
967 2444 1095 2530 Κράτης
1103 2447 1276 2528 Ἀθηναῖος,
1298 2451 1407 2509 τοῦτον
1526 2495 1527 2508 ,

242 2525 411 2612 ὑποκριτήν
427 2553 504 2614 φασι
525 2529 730 2612 γεγονέναι-τὸ
753 2535 882 2616 πρῶτον,
907 2527 940 2605 ὃς
961 2531 1138 2612 ἐπιβέβληκε
1151 2533 1305 2616 Κρατίνῳ,
1327 2526 1406 2592 πάνυ

243 2615 358 2697 γέλοιος
379 2616 430 2676 καὶ
458 2613 562 2694 ἱλαρὸς
587 2610 758 2696 γενόμενος,
789 2618 839 2678 καί
869 2621 989 2699 πρῶτος
1015 2613 1188 2696 μεθύοντας
1209 2613 1240 2678 ἓν
1262 2615 1407 2702 κωμῳδίᾳ

244 2694 405 2783 προήγαγε.
450 2697 572 2762 Τούτου
594 2695 737 2782 δράματά
763 2699 843 2764 ἐστιν
864 2697 950 2764 ἑπτά.
992 2699 1103 2787 Longe
1124 2708 1220 2764 autem
1241 2699 1406 2786 locupletis·

243 2784 335 2848 simus
357 2783 440 2846 testis
462 2789 508 2846 est
527 2782 630 2848 Aristo
652 2784 761 2866 hanes,
788 2785 836 2869 qui
856 2784 889 2848 in
909 2784 1065 2871 Equitihus
1085 2807 1114 2848 v.
1135 2786 1216 2865 537,
1242 2784 1291 2846 uhi
1318 2783 1407 2847 cumi-

245 2889 295 2932 cos
321 2868 436 2956 priores
456 2877 607 2948 recenset,
631 2805 758 2932 hretino
786 2869 938 2968 subiungit
959 2867 1117 2934 Cratetem.
1158 2866 1285 2936 Videtur
1311 2875 1405 2933 autem

245 2951 356 3040 Crates
372 2953 495 3040 primum
517 2953 773 3018 histrioainartem
784 2975 966 3035 οιεπωυοο,
987 2953 1094 3018 deiude
1111 2973 1175 3016 cum
1187 2950 1303 3018 Cratini
1314 2953 1406 3041 putis-

245 3038 349 3102 simum
371 3044 476 3126 ageret
495 3037 623 3119 fabulas,
645 3039 734 3122 (quod
755 3045 873 3126 praeter
894 3038 1113 3124 grammaticum
1134 3037 1216 3100 illum
1230 3037 1300 3102 dicit
1320 3038 1406 3102 etiem
1526 3045 1527 3064 *

244 3121 345 3186 Schul.
366 3121 518 3208 Aristoph.
539 3121 560 3186 l.
581 3122 601 3185 l.
624 3123 800 3208 Κωμῳδίας
821 3115 858 3203 ἦν
879 3119 1022 3204 ποιητής,
1051 3119 1084 3196 ὃς
1105 3127 1224 3204 πρῶτος
1244 3118 1406 3221 ὑπεκρίνο-

244 3229 281 3268 υο
302 3204 340 3266 τὰ
362 3207 518 3286 Κρατίνου
545 3207 595 3268 καὶ
617 3205 708 3282 αὐτὸς
733 3205 859 3290 ὕστερον
880 3205 1007 3288 ποιητὴς
1035 3205 1161 3290 ἐγένετο)
1184 3227 1283 3270 amore
1308 3227 1406 3294 poesus
1526 3247 1527 3250 =

243 3289 370 3352 excitato
396 3296 426 3352 et
456 3289 520 3377 ipse
548 3291 712 3355 comoedias
739 3313 904 3356 sensisse.
947 3289 1125 3375 Qucumquam
1153 3298 1247 3354 autem
1280 3311 1406 3354 maxume

245 3373 362 3439 Cratini
394 3373 558 3462 exemplum
589 3373 739 3439 Cretetem
772 3313 815 3440 ad
836 3375 1014 3460 sequendum
1046 3373 1216 3438 accendisse
1247 3374 1406 3438 verisimile

243 3465 304 3540 est,
325 3477 385 3522 non
407 3465 505 3522 tamen
526 3459 563 3523 ad
584 3460 801 3524 similitudinem
824 3461 887 3524 eius
909 3481 942 3524 se
964 3459 1132 3546 composuit.
1176 3451 1307 3523 Diveria
1328 3459 1407 3524 enim

241 3563 364 3632 prorsus
391 3543 495 3642 horum
527 3551 678 3630 puetarum
706 3545 827 3610 fuerunt
852 3544 990 3640 ingenia:
1033 3541 1173 3608 Cratinus
1201 3543 1257 3606 suit
1283 3543 1406 3630 iugenio
1526 3609 1527 3614 ,

241 3627 409 3692 vehementi
435 3625 566 3712 quadem,
609 3629 661 3693 sed
691 3649 855 3715 generoso,
898 3648 1072 3712 omninoque
1100 3626 1252 3714 Aeschylo
1280 3635 1311 3692 et
1337 3650 1407 3716 ger·

242 3713 337 3776 mauis
359 3711 606 3794 Atheniensibus,
634 3713 683 3798 qui
711 3735 849 3800 maguum
871 3713 1013 3797 quoddam
1040 3713 1208 3800 spirabant,
1235 3716 1407 3798 Μαραθω-

179 3869 186 3884 ·
242 3793 379 3879 νομάχας
399 3796 467 3861 illos
489 3797 570 3880 dicu,
596 3797 774 3864 simillimus:
802 3797 850 3883 qui
872 3803 957 3885 poeta
983 3817 1039 3882 qun
1068 3797 1158 3862 suerit
1184 3797 1281 3862 animo
1308 3798 1407 3863 aureis

241 3881 302 3946 illis
324 3882 459 3947 versibus
481 3882 602 3969 exponit
615 3881 832 3970 Aristophanes
854 3883 893 3968 in
907 3881 1044 3968 parabasi
1066 3879 1218 3966 Equitum:

306 3962 404 4040 ,Εἶτα
426 3969 584 4051 Κρατίνου
604 3966 808 4048 μεμνημένος,
832 3962 864 4042 ὃς
886 3969 989 4049 πολλῷ
1012 3961 1121 4050 ῥεύσας
1143 3965 1213 4029 ποτ’
1237 3967 1351 4051 ἐπαίνῳ

326 4050 472 4114 Athenio
493 4050 616 4137 ἀφελῶν
637 4055 746 4115 πεδίων
768 4049 918 4136 ὶρρει’καὶ
940 4056 994 4130 τῆς
1015 4047 1150 4124 στάσεως
1171 4046 1368 4134 παρασύρων,

324 4129 452 4222 Ἕφάρεε
472 4135 528 4212 τὰς
556 4138 632 4220 δρῦς
653 4137 703 4200 καὶ
733 4135 790 4212 τάς
810 4132 983 4209 πλατάνους
997 4133 1153 4279 Ιγοιλίντοίνς
1175 4133 1309 4220 ἐχθροὺς
1329 4159 1406 4221 προ-

1024 4241 1074 4280 ευ
1100 4243 1152 4281 νου

315 4294 417 4368 ¹Aurum
440 4301 470 4366 δ’
496 4302 551 4368 οὖν
572 4294 610 4385 ἦν
631 4303 663 4365 ἓν
683 4303 844 4390 συμποσίῳ
867 4300 945 4384 πλὴν
960 4243 1277 4388 Δωροῖίίνυκάίεὲδελε,

325 4389 389 4452 Καὶ
410 4387 544 4464 τίκτονες
565 4383 749 4469 εὐπαλάμων
770 4385 886 4468 ὕμνων·
917 4383 1012 4462 οὕτως
1033 4384 1166 4470 ἤνθησεν
1187 4388 1305 4462 ἐκεῖνος.
