3042 5070
313 339 373 406 DE
394 337 537 414 ΗΕΚΝ.
559 335 747 406 oenone.
771 335 875 404 A'l'l'.
897 335 1041 412 nmmo.
1221 343 1263 408 27

76 537 176 600 χομαι
212 517 279 588 τοῖς
311 513 397 585 θεοῖς
427 511 469 585 είς
503 502 636 574 Κόνωνα
671 507 721 572 καλ
750 503 823 582 τοός
848 505 922 582 υἱεῖς
957 505 1031 584 τινός
1065 503 1176 574 τοότου
1211 511 1262 572 καλ

78 605 182 667 ταῦτα
204 599 258 662 καλ
286 595 328 660 rei
353 599 486 660 τοιαῦτα
509 591 632 658 ἅπαντα
657 591 841 677 τρέπεσθαι·
878 581 962 656 οὗτοι
988 589 1047 674 γάρ
1069 595 1143 658 εἰσιν
1165 593 1193 658 οἳ
1215 618 1264 658 τε-

78 691 207 760 λοῦντες
238 677 391 764 ἀλλήλους
422 685 467 766 τῷ
501 673 668 766 ἰθυφάλλῳ
701 679 752 742 καὶ
779 681 909 742 τοιαῦτα
937 683 1075 752 ποιοῦτες
1103 676 1120 742 ὃ
1149 681 1263 762 πολλὴν

79 765 234 852 αίυχόνην
255 765 315 850 ἔχει
336 768 388 830 aral
409 765 518 850 λέγειν,
539 763 583 845 μὴ
606 759 652 827 ὅτι
673 787 706 846 γε
727 760 766 845 δὴ
788 769 883 826 νιοιεῖν
904 757 1091 846 ἀνθρώπους
1110 767 1263 849 μετρίους.

79 865 112 924 et
130 855 206 922 ibid.
228 875 257 942 p.
278 851 369 918 m:
405 847 461 914 ”Aa
488 848 523 914 δ’
554 848 622 934 είιιη
645 844 770 912 Κόνων·
810 844 997 932 Ἰθύφαλλυί
1016 849 1092 923 τινός
1113 851 1204 930 ίσμεν
1226 846 1263 932 ἦ.

80 950 148 1052 patr,-
179 936 401 1024 συνειλημένον
433 937 485 1000 καλ
518 935 644 1021 ἐρῶντες
674 930 728 1010 οὓς
761 929 799 998 ἀν
826 928 899 1016 ἡμῖν
939 928 1014 1018 ἀίξῃ
1049 935 1178 1016 παίομεν
1211 938 1262 999 καλ

80 1049 229 1176 syponpp.
249 1106 370 1174 Cratini
393 1105 584 1172 Archilochis
616 1123 705 1170 annm
725 1110 881 1201 praeterea
901 1065 1032 1170 haomho
1053 1107 1263 1195 fragmentum,

83 1197 166 1284 quotl
187 1203 234 1260 est
252 1216 270 1260 a
290 1194 330 1258 ud
350 1192 539 1259 Athenaeum
560 1190 614 1256 lX.
656 1188 839 1256 .4ro.1).=
880 1189 1044 1271 Ὠμολίνου
1059 1191 1092 1256 (li
1111 1191 1263 1276 μίμνηται

88 1286 246 1366 Κρατῖνος
264 1215 297 1344 iv
314 1274 518 1360 Ἀρχιλόχοις·
536 1213 703 1357 'masalma
729 1271 809 1357 κόμη
831 1271 978 1359 βρόουσ’,
1011 1273 1136 1357 ἀτιμίας
1154 1279 1262 1353 πλίως.

90 1367 221 1435 Versum
239 1365 322 1429 hiare
343 1362 433 1428 facile
454 1361 623 1449 intelliges,
656 1361 774 1428 videtur
796 1367 892 1426 aotam
913 1362 1087 1451 interposito
1109 1365 1262 1454 participio

94 1445 173 1517 οἶισα
191 1447 438 1536 redintegrandus
460 1469 544 1513 esser

171 1535 344 1615 Ὠμολίνοις
364 1530 445 1616 κόμη
466 1528 616 1618 βρόουσ’,
640 1520 719 1596 οάσ’
744 1528 868 1612 ἀτιμίας
889 1530 997 1607 πλέως.

87 1621 136 1687 vel
157 1620 347 1686 scribendum
368 1627 415 1683 est
435 1618 565 1683 admisso
586 1617 684 1698 hiato,
707 1623 738 1680 ot
759 1637 865 1681 versus
886 1617 926 1680 sit
947 1625 1156 1705 asynartetuse

168 1704 346 1787 Ὠμολίνοις
367 1700 446 1785 κόμη
468 1699 591 1788 βρόει,
615 1694 694 1766 oalo'
724 1701 848 1781 ἀτιμίας
869 1701 975 1776 ιιλίως.

83 1791 219 1858 Metram
250 1797 331 1855 certe
360 1788 534 1856 Cratineam
559 1793 640 1852 recte
667 1787 740 1853 mihi
762 1787 866 1852 videor
885 1787 1069 1854 restituisset
1113 1797 1175 1856 tres
1196 1813 1264 1856 ver·

83 1899 135 1943 sas
168 1877 258 1941 haias
291 1874 378 1940 metri
404 1873 534 1962 exempli
561 1873 625 1938 loco
646 1873 784 1961 proponit
810 1871 1010 1972 Hephaestio,
1042 1895 1114 1959 quos
1147 1874 1265 1942 Cratini

83 1963 179 2052 ipsios
207 1982 293 2043 esse,
337 1960 453 2046 (neque
484 1959 562 2023 enim
593 1957 777 2046 Hephaestio
810 1956 900 2038 dieat,
944 1957 1026 2022 caios
1056 1959 1117 2024 sint
1144 1965 1262 2048 poetae)

84 2047 281 2138 probabiliter
301 2052 429 2110 statutae
473 2049 543 2108 sont
574 2043 662 2107 etiam
689 2043 756 2106 sine
787 2041 875 2108 dnbio
903 2063 942 2106 ex
972 2065 1031 2108 nna
1052 2052 1138 2130 atque
1159 2045 1263 2112 eadem

88 2132 227 2224 parabasi
268 2131 348 2196 atili:
391 2131 522 2195 [ortam
548 2149 588 2192 ex
615 2128 662 2192 his
689 2128 764 2216 ipsis
790 2125 997 2209 Archilochis,
1029 2129 1083 2194 sed
1104 2131 1137 2194 in
1158 2152 1194 2196 eo
1216 2153 1263 2196 er·

86 2223 230 2285 ravernnt
247 2153 385 2280 homines
407 2215 499 2296 docti,
521 2213 598 2314 qnod
618 2217 811 2302 potaverant,
834 2233 886 2278 eos
908 2215 1062 2284 continuos
1084 2235 1167 2280 esse:
1194 2237 1263 2282 nam

84 2303 173 2394 plane
193 2323 257 2367 non
278 2302 451 2382 cohaeream
488 2300 682 2364 licitantem
709 2298 893 2387 Hephaestio
923 2319 952 2387 p.
973 2299 1040 2365 96.ι
1086 2299 1208 2366 Τούτου
1230 2300 1265 2366 δὲ

83 2385 186 2473 μεῖζόν
209 2390 274 2453 ἐστι
295 2390 435 2471 συλλαβῇ
457 2390 495 2471 τῇ
517 2385 674 2473 τελευταίᾳ
696 2382 731 2447 τό
754 2379 943 2464 καλούμενον
963 2386 1156 2470 Κρατίνειον.
1177 2385 1264 2450 Ἔστι

83 2473 143 2560 γὰρ
167 2475 201 2538 ἐκ
220 2477 427 2556 χοριαμβικοῦ
450 2471 624 2551 ἐπιμίκτου,
652 2474 709 2534 τοῦ
729 2468 786 2552 τὴν
808 2469 953 2554 όευτίραν
974 2471 1121 2555 λαμβικίμ
1142 2471 1264 2555 ἔχοντος

84 2561 136 2624 καλ
159 2563 325 2640 τροχαϊκοῦ
348 2554 595 2643 ἱφθημιμεροῦς·
1115 2597 1122 2610 .

173 2641 246 2707 Εόϊε
268 2641 438 2724 κισσοχαῖτ’
464 2638 558 2719 ἀναξ,
576 2638 664 2724 χαῖρ’
689 2637 803 2726 ihioou’
823 2637 1039 2726 Ἐκφαντίδης.

172 2724 288 2793 Πάντα
291 2723 445 2833 peoora,
467 2721 568 2790 ντάντα
589 2723 729 2807 τολμητά
748 2726 828 2812 τῷδε
849 2731 894 2812 τῷ
912 2732 1010 2813 χορῷ.

172 2813 266 2897 Πλὴν
285 2816 395 2883 ,acoleo
416 2809 536 2892 νόμοισι
557 2812 609 2876 καλ
629 2811 822 2892 Σχοινίωνος,
844 2801 870 2874 ὦ
891 2809 1020 2894 Χάρων.

91 2897 159 2964 Hoc
177 2907 275 2964 antem
296 2906 420 2964 metrum
442 2895 623 2978 a-Cratino,
652 2903 685 2959 nt
704 2895 836 2976 videtur,
858 2897 931 2960 satis
953 2898 1186 2982 frequentatam,
1213 2900 1264 2965 ahi

92 3005 170 3048 nnnc
186 2985 336 3074 reperitur
355 2985 388 3048 in
409 2982 542 3067 reliqniis
569 2980 800 3062 comoediarum,
834 2980 901 3046 fere
929 2982 1115 3048 obscuratam
1136 2990 1197 3068 est,
1232 2991 1265 3051 at

87 3069 121 3134 in
140 3068 428 3156 Dionysalexandro
449 3066 526 3176 apud
546 3066 699 3132 Pollucem
720 3065 878 3134 VH.'28.=

172 3157 239 3218 Kal
262 3150 437 3228 νακότιλτος
459 3153 586 3236 monenti
608 3148 759 3236 κωδάριον
780 3145 961 3236 ἐφαινόμην.

86 3237 137 3304 Sic
159 3241 240 3303 enim
262 3239 291 3304 le
315 3260 332 3302 o
354 3237 454 3304 addita
475 3237 617 3327 particula
642 3239 695 3300 καί
701 3262 709 3300 :
743 3257 804 3300 non
824 3243 906 3300 recte
928 3236 965 3301 ad
987 3238 1099 3302 iambos
1121 3260 1263 3306 revocare

86 3324 256 3390 voluerant.
292 3261 330 3389 Hi

85 3431 115 3500 p.
142 3409 213 3476 84st

169 3491 254 3556 Ἀλλ’
278 3490 409 3558 ἀπίωσιν
429 3492 461 3556 ἐν
475 3495 560 3579 χορῷ
583 3493 625 3567 εἰς
635 3487 773 3573 βόθυνον
794 3490 879 3557 ἱίναι.

85 3579 180 3667 volgo
200 3579 234 3643 in
256 3577 329 3644 duas
350 3577 509 3667 particulas
530 3577 607 3642 male
629 3578 813 3666 dispescunt3
850 3577 948 3642 hiatus
979 3597 1049 3644 vero
1076 3578 1184 3644 iustam
1210 3579 1264 3646 ha-

85 3664 400 3816 iitffmsoiihmm‘
446 3662 623 3750 Pariterqne
651 3664 684 3729 in
710 3663 769 3730 alio
795 3662 979 3751 Fragmenta
1006 3663 1083 3754 apud
1111 3663 1263 3734 Zonaram

167 3771 264 3899 Ἀλλὰ
284 3831 355 3898 τόδ’
379 3831 444 3899 ἐστ’
468 3832 622 3900 ἀνεκτίον·
644 3833 774 3918 καὶγὰρ
796 3829 876 3916 ἡνίκ’
899 3831 1028 3900 εάθίνει.

85 3917 188 3988 Huius
216 3941 329 4006 quoque
356 3940 462 3984 versus
495 3919 633 3984 artieHos
665 3919 741 3984 male
774 3919 931 3984 divellnate
975 3925 1131 4010 praeterea
1155 3921 1263 4012 scripsi

86 4003 245 4086 ἀνεκτέον,
268 4025 321 4094 pro
343 4003 504 4083 ἀναιτίαν,
526 4005 602 4090 quod
623 4005 714 4093 vulgo
735 4004 856 4092 legitor.

173 4089 237 4156 seo
259 4097 292 4154 nt
312 4091 405 4156 oratio
427 4091 505 4156 nnde
528 4091 668 4179 digressa
686 4095 742 4172 est,
763 4090 876 4172 redeat,
897 4089 1019 4180 respicit
1038 4089 1164 4158 eundem
1184 4091 1263 4159 hunc

87 4173 209 4242 Cratini
235 4196 354 4242 versum
382 4175 494 4242 Pollux
522 4175 561 4242 X.
588 4175 645 4242 642
693 4177 760 4239 Kal
786 4173 936 4258 ὠμόλινον
967 4174 1002 4240 οά
1025 4179 1183 4263 Κρατίνου
1203 4175 1263 4259 μό-

87 4285 144 4411 ροϊρ,
177 4256 314 4337 εἰπόντος
344 4259 379 4326 τό
413 4258 584 4344 ὠμόλινον,
631 4259 711 4326 ἀλλά
744 4264 795 4326 καὶ
827 4258 988 4346 Αἰσχύλου
1028 4263 1061 4327 ἐν
1094 4265 1267 4352 Προμηθεῖ

145 4353 250 4426 ρκαεῒ·
437 4384 440 4390 ·

175 4433 264 4496 Λιιυλ
285 4429 336 4511 ἀί,
363 4431 457 4498 nicae
478 4429 648 4516 κώμολίνου
669 4429 773 4520 μικροί
794 4427 886 4498 τόνοι.

333 3331 345 3388 t
375 3324 408 3387 in
441 3322 589 3412 Seriphiis
617 3322 695 3410 apud
724 3321 957 3391 Antiatticistana
988 3321 1127 3389 Bekkeri
1163 3323 1205 3391 Τ.
1237 3326 1286 3392 l.¹
1384 3361 1385 3366 ι

1504 4549 1508 4730 l
