3004 5048
344 249 1071 363 ouand1o.oououo.nru.mruo.
1226 291 1291 358 rsa
1343 287 1355 300 ⁴

209 453 319 538 Μηδὲν
339 451 415 537 παρ’
439 447 527 536 ἡμῶν
547 455 723 538 προσδοκᾶν
743 455 813 518 λίαν
831 452 874 534 με’
889 480 919 534 α,
986 525 989 534 ,

204 535 298 620 Mryd’
322 531 362 602 ad
383 537 499 622 γέλωτα
520 535 709 620 Μεγαρόθεν
729 479 936 619 κεκλεμμδνον.
1348 593 1355 620 ι

122 621 291 688 Scholiasta
320 623 394 688 haec
419 623 545 688 notavit:
584 620 640 699 Ὡς
660 629 721 686 τῶν
741 625 913 707 Μεγαρέων
938 619 1092 707 γελώντων
1118 627 1168 689 καὶ
1189 623 1289 703 ἄλλως

121 713 275 794 φορτικῶς
295 704 522 791 γελοιαζόντων·
545 705 680 782 Εὔπολις
690 709 937 792 Προσπαλτίοις·

209 790 255 856 Τὸ
277 790 397 874 aaaron
423 790 545 878 ἀσελγές
566 795 616 856 καὶ
637 795 732 876 Mryo
753 793 818 858 ικὸν
838 791 973 880 σφόδρα.

118 875 287 945 Permirum
318 884 415 944 autem
445 884 492 943 est
517 878 596 942 hunc
623 818 779 966 Eupolidis
805 900 925 944 versum
956 901 990 944 re
1010 877 1082 944 eriri
1109 879 1142 944 in
1170 877 1289 966 Myrtili

117 961 288 1052 fragmento
315 961 392 1052 apud
416 961 577 1052 Aspasium
605 961 643 1028 ad
670 899 1288 1033 Aristoteli·Ethic.ivicomach.1v.2=

118 1045 227 1198 nbibgte
247 1069 286 1137 pu
323 1049 403 1113 ursis
424 1048 567 1198 stragulis
588 1049 750 1131 disserens,
772 1050 875 1134 quibus
895 1042 1121 1138 Megarensium
1141 1049 1291 1118 armoedia

117 1139 166 1201 ute
219 1153 268 1214 or,

118 1219 217 1300 δεινῆς
247 1214 366 1296 ἀκούεις
397 1214 548 1304 ἡράκλεις.
593 1219 743 1284 Τοοτέστι
776 1222 824 1286 ool
855 1217 891 1284 τὸ
918 1225 1052 1301 σκῶμμα
1085 1217 1207 1304 ἀσελγὲς
1237 1223 1289 1285 καὶ

115 1303 282 1388 μεγαρικὸν
302 1307 354 1368 καὶ
375 1300 501 1390 σφόδρα
521 1301 645 1388 ψυχρὸν
665 1309 769 1388 γελᾶς,
792 1301 867 1389 ὁρᾶν
885 1303 926 1370 cai
948 1307 1065 1368 παιδία.
1097 1327 1171 1390 quae
1193 1305 1290 1392 magis

116 1387 205 1452 etiam
225 1391 398 1477 perturbata
418 1391 540 1454 suntin
560 1389 699 1454 versione
720 1390 829 1472 latina,
861 1391 912 1454 ubi
932 1411 1002 1478 pars
1023 1391 1184 1477 fragmenti
1204 1387 1291 1476 Myr-

115 1471 185 1556 tilo,
227 1496 277 1540 ars
299 1473 402 1540 Aristo
422 1474 493 1540 hani
514 1475 666 1540 tribuitur:
699 1473 807 1556 „Quos
829 1475 944 1560 quidem
967 1482 1074 1541 taxans
1094 1473 1237 1560 Myrtilus
1258 1475 1291 1538 in

115 1494 286 1643 casaiola,
327 1582 394 1624 uam
437 1561 550 1624 itanum
571 1561 649 1624 lilios
669 1559 832 1647 inscripsit,
853 1561 894 1624 ita
914 1559 1022 1646 inquit:
1044 1559 1184 1626 Graviter
1205 1559 1289 1624 audis

291 1133 472 1198 a'enissimo
505 1155 558 1198 oco
578 1133 652 1198 haec
673 1131 775 1199 affert:
797 1136 960 1220 Μυρτίλος
980 1135 1012 1200 ἐν
1033 1129 1223 1200 τιτανδιιαισι
1243 1127 1288 1220 ro',

114 1639 281 1709 Hercules:
350 1666 385 1708 oc
412 1653 460 1709 est
493 1645 546 1708 tibi
572 1643 725 1708 dicterium
750 1644 888 1732 petulans
917 1666 953 1708 ac
977 1643 1173 1732 Megaricum.
1214 1643 1289 1712 ltera

114 1725 334 1818 Aristophanes
356 1730 388 1792 in
409 1727 534 1816 Vespis:
555 1727 597 1792 Et
616 1727 728 1816 frigide
751 1727 904 1794 admodum
925 1729 1055 1794 inrides:
1078 1728 1216 1816 puerulos
1238 1727 1289 1794 ad-

110 1811 220 1964 {picim
265 1811 379 1878 debetis
406 1819 580 1902 exspectare
605 1835 685 1878 nunc
710 1813 755 1880 nil
784 1814 943 1878 maximum
970 1812 1002 1878 A
1023 1835 1086 1893 me,
1113 1835 1169 1878 uec
1195 1820 1227 1878 ut
1254 1813 1291 1878 de

148 1897 272 1984 agarico
293 1897 351 1962 huc
370 1898 464 1962 risum
485 1897 609 1964 afferam
621 1897 749 1985 Raptum
771 1897 836 1962 solo
853 1897 890 1962 ad
905 1899 989 1961 vos.“
1010 1895 1037 1961 E
1062 1918 1079 1960 o
1100 1915 1172 1962 vero
1193 1897 1290 1984 potius

108 1979 258 2070 Aspasia,
278 1983 360 2046 cuius
381 1981 463 2046 locus
485 1989 533 2046 est
551 1983 835 2070 perturbatissimus,
876 2003 941 2048 uam
962 1918 1149 2048 SchoMastae
1168 1981 1289 2046 Aristo·

108 2065 219 2170 phanis
232 2065 438 2154 derogaverim
459 2065 559 2148 fidem,
578 2067 734 2151 omniaque
753 2067 829 2132 haec
870 2066 981 2156 upolidi
990 2066 1146 2134 tribuenda
1164 2087 1286 2136 censeor

108 2163 153 2226 rta
174 2157 275 2220 autem
295 2151 328 2216 hi
347 2173 454 2216 versus
480 2153 550 2216 sunl
570 2152 782 2218 constituendi:

196 2235 318 2312 Δεινῶς
338 2233 473 2312 ἀκούεις·
491 2231 666 2321 Ἡράκλεις,
687 2234 776 2300 τοῦτ’
797 2235 862 2299 ἔστι
882 2258 933 2299 σοι

200 2319 249 2386 Τδ
270 2320 396 2403 σκῶμμ’
420 2317 542 2405 ἀσελγὲς
564 2323 615 2384 καὶ
636 2315 832 2407 Μεγαρικόν,
853 2322 905 2383 καὶ
926 2315 1055 2408 σφόδρα,

112 2474 114 2482 ,
202 2405 329 2490 Ψυχρὸν
349 2409 455 2490 γιλ”ς·
482 2403 605 2492 yttaio',
627 2401 719 2490 ὁρᾶς,
740 2405 779 2469 τὰ
801 2405 922 2468 παιδία.

9 2563 10 2582 ¹
109 2491 218 2578 quibus
232 2491 367 2590 versibus
389 2431 495 2577 ailquis
516 2489 645 2589 lrigidos
666 2467 740 2556 istos
760 2493 841 2556 iocos
863 2489 945 2589 senis
966 2487 1054 2590 illiust
1069 2487 1286 2595 inlJraspnldis

9 2593 10 2596 ‘
108 2573 562 2744 dtldlll‘uitztt‘yist
583 2571 1287 2744 Md⁰lldl⁰¹dl¹¹r0⁸tldrttltddi

108 2744 238 2830 γελοῖα,
267 2737 359 2834 δρᾷς,
379 2744 420 2808 τὰ
440 2721 549 2806 παιδδα
570 2741 699 2808 suntad
719 2748 899 2830 spectatores
920 2739 1097 2823 referenda,
1118 2739 1194 2806 sicut
1213 2739 1286 2808 illud

108 2832 142 2898 in
162 2829 301 2896 Nubibus
321 2827 549 2917 Aristophanis:

522 2915 597 2986 Ίοῖς
617 2906 750 2986 παιδίοις
768 2906 812 2972 ’ἶν’
835 2897 856 2995 ᾖ
876 2907 980 2992 7ch-

105 2997 172 3067 lam
202 3019 273 3064 vero
301 2997 389 3064 etiam
409 2993 529 3083 Myrtili
549 3017 667 3060 versum
698 2993 832 3060 attulisse
858 2992 1036 3082 Aspasium,
1070 3012 1194 3058 nacmse
1222 2997 1284 3058 est:

107 3109 176 3151 eum
200 3090 298 3148 autem
319 3081 494 3146 delitescere
519 3089 588 3170 puto
610 3081 642 3146 in
661 3077 710 3146 his
733 3077 847 3144 verbis:
884 3073 978 3142 Ἀλλὰ
1005 3077 1057 3142 καὶ
1074 3073 1134 3140 Ἐκ
1161 3077 1300 3160 αντίδης,

105 3165 318 3243 παλαιότατος
338 3172 400 3232 τῶν
421 3165 557 3253 ἀρχαίων
577 3163 705 3246 ποιητὴς
725 3163 817 3250 φησί·
837 3163 1127 3249 μεγαρικῆςκωμῳδ
1139 3187 1176 3236 ας
1198 3152 1284 3249 ᾆσμα

105 3259 252 3337 διειμανα
274 3248 437 3334 ῖσχδνομαι
457 3251 493 3316 τὸ
515 3253 621 3334 δρᾶμα
637 3247 803 3338 μεγαρικὸν
824 3256 930 3318 ποιεῖν.
966 3245 1071 3312 Facile
1093 3246 1172 3312 euim
1193 3269 1281 3334 appa·

104 3349 154 3412 ret
174 3341 252 3406 haec
272 3360 312 3402 en
333 3337 445 3404 duobus
473 3335 600 3403 diversis
619 3334 797 3422 lragmentis
819 3354 887 3398 esse
914 3330 1055 3398 conflata:
1086 3327 1280 3422 Ecphantidis

103 3425 183 3492 haec
204 3424 326 3490 luerunt
345 3423 452 3488 verba:
538 3471 540 3480 ,
903 3473 922 3489 ,.
1087 3461 1094 3476 .
1156 3473 1159 3480 ,

465 3505 559 3590 Meyer
581 3507 647 3588 ικῆς
667 3499 841 3592 κωμῳδίας.

186 3583 294 3674 ‘altra’
318 3589 373 3655 οδκ
394 3586 432 3653 ἂν
453 3529 607 3679 delatori).

103 3677 229 3767 Myrtili
248 3678 281 3741 in
302 3675 555 3763 Titanopanilrns:
1037 3691 1040 3700 ¹

56 3767 60 3778 '
190 3759 398 3844 Ἠισχονόμην
419 3759 499 3843 (sive
520 3754 719 3842 αἰσχύνομαι)
739 3755 777 3824 τὸ
803 3757 908 3841 δρᾶμα
930 3749 1109 3844 Μεγαρικὸν
1129 3758 1236 3818 ποιεῖν.

104 3848 230 3918 Censeo
256 3855 351 3912 autem
373 3843 502 3932 Eupolin
527 3845 560 3910 in
575 3843 643 3910 lrac
670 3841 772 3908 fabula
798 3841 919 3931 propius
946 3839 991 3938 ad·
1009 3858 1121 3937 morem
1142 3837 1279 3986 astipulatio

104 3935 191 4000 illius
212 3929 386 4020 Megaricae
407 3927 575 4014 comoediae
595 3927 775 4010 accessisse,
805 3927 843 3994 ad
864 3926 945 3990 cuius
967 3921 1187 4020 similitudmem
1248 3959 1280 4020 .'

105 4027 154 4086 sto
176 4017 271 4082 hanes
317 4037 411 4104 noque
436 4014 591 4104 inprims
621 4035 695 4099 quoe
723 4009 838 4098 quidem
872 4014 1007 4099 superest
1038 4003 1205 4088 comoedia,
1246 4027 1281 4070 rn

105 4038 355 4170 Acdaruensidus
382 4123 416 4168 se
442 4097 686 4177 accommodavit3
729 4105 853 4194 suntque
879 4096 912 4160 iu
937 4091 1006 4193 aliis
1031 4111 1144 4178 quoque
1169 4089 1278 4189 fabrilis
1309 4173 1311 4178 ,

103 4210 171 4254 non
191 4188 316 4252 obscura
331 4185 473 4272 quaedam
495 4185 633 4274 vestigia,
655 4182 691 4247 de
703 4202 760 4266 qua
775 4201 810 4264 re
830 4179 957 4245 suoloco
979 4177 1278 4278 duceturpccuratrus.

105 4271 235 4358 Eupolis
263 4292 352 4354 vero,
381 4271 432 4356 qui
457 4270 581 4352 invitus,
607 4274 640 4332 ut
662 4266 794 4343 videtur,
821 4261 1014 4330 multitudinis
1040 4262 1163 4326 mbrtrro
1189 4265 1279 4329 cessit

104 4350 341 4442 Megaricaeque
364 4353 530 4426 comoediae
552 4353 679 4444 speciem
699 4347 845 4438 quandam
870 4345 1062 4432 instauravit,
1087 4345 1152 4436 ipse
1173 4365 1208 4412 se
1228 4365 1277 4413 ca·
