3096 5062
8 569 13 704 l
102 767 106 780 .

118 2612 122 2628 ’
150 2620 296 2700 ludicras,

383 323 441 390 DE
463 319 606 397 anolo.
628 319 816 390 conoul).
836 323 942 394 ΑΤΤ.
962 327 1108 404 ANTIQ·
1263 333 1328 400 223

244 494 340 578 Μηδὲ
359 493 413 558 τὸν
434 498 547 578 κλῆρον
566 491 709 576 γενέσθαι
726 492 823 576 μηδὲν
842 489 915 574 ὑμῖν
935 494 1042 572 αἴτιον,

236 578 306 644 ’Ότι
329 579 497 666 προείληχ’,
519 577 590 642 ἀλλ’
614 575 736 642 ἅπαντα
757 585 857 642 ταῦτα
875 579 936 661 χρὴ
957 581 1167 664 μεμνημένους

245 666 304 748 Μὴ
322 665 483 748 ’πιορκιΐν,
506 662 586 727 ἀλλὰ
607 665 716 747 κρίνεα
734 663 808 740 τούς
825 663 939 748 χοροὺς
960 665 1066 748 ὀρθῶς
1085 665 1147 731 ciel.

243 751 339 834 Μηδὲ
360 761 426 826 ταῖς
448 760 556 825 κακαῖς
577 747 712 832 ἑταίραις
732 748 786 813 τὸν
806 747 921 833 τρόπον
941 751 1140 834 προσεικέναι,

243 837 289 900 At
309 833 404 918 privor
421 833 545 917 μνήμην
565 833 668 916 liguum
687 841 750 898 τῶν
766 837 944 898 τελευταίων
965 836 1021 898 ἀεί.

157 921 254 988 Docte
276 923 312 987 de
334 924 389 986 bac
403 919 780 985 redisseruitFritusobius
802 921 833 984 in
855 929 1009 984 comment.
1032 919 1068 985 de
1079 919 1198 984 Daetal.
1218 940 1248 1009 p.
1262 923 1324 988 120

152 1023 220 1094 seq.
247 1006 404 1093 sicigitur
415 1007 502 1070 etiarn
518 1006 670 1086 Cratinus,
689 1025 751 1069 cum
769 1005 827 1069 iam
839 1019 926 1069 autea
937 1007 1079 1086 novisset,
1091 1015 1324 1094 qnorumpoeta-

155 1115 222 1158 rum
244 1093 363 1157 fabulae
381 1099 449 1156 ante
465 1111 547 1156 suam
566 1091 597 1154 in
614 1109 704 1154 scena
721 1099 900 1177 agerentur,
919 1091 977 1154 isto
1000 1091 1117 1154 nomine
1137 1091 1231 1179 potuit
1250 1091 1323 1157 istos

158 1179 284 1244 comicos
305 1187 418 1241 notare.
445 1175 488 1240 ht
509 1176 579 1240 mibi
601 1175 716 1260 quidem
736 1175 798 1239 veri
815 1175 940 1240 similius
963 1177 1078 1240 videtur
1097 1175 1325 1259 αὐθημιριιοίις

158 1263 320 1350 nuncupari
334 1281 435 1326 omnes
451 1261 569 1325 omnino
580 1269 683 1348 poetas
696 1261 773 1344 quod
791 1261 1004 1346 aquotidianae
1020 1263 1097 1324 vitn'e
1112 1262 1323 1327 consuetudine

157 1369 217 1412 non
239 1349 393 1428 recedant,
425 1347 501 1431 quod
528 1367 589 1409 non
615 1345 765 1409 altius'se
792 1345 910 1427 tollant,
938 1346 1090 1410 sublimius
1117 1347 1186 1431 quid
1213 1355 1324 1434 petant,

157 1433 211 1497 sed
232 1436 289 1496 cito
310 1440 491 1496 marcescant
520 1438 549 1494 et
570 1439 763 1494 evanescant:
791 1439 821 1494 et
846 1432 975 1494 sortasse
1002 1433 1161 1519 scripserat
1182 1429 1323 1498 Cratinus

154 1537 216 1581 nou
238 1516 454 1600 αὐθημερινιῖιν
475 1521 618 1598 ποιητῶν,
641 1515 716 1600 quod
738 1515 787 1578 vel
807 1527 927 1604 propter
947 1517 1108 1581 cuntulatos
1129 1517 1217 1583 nimis
1238 1516 1324 1605 geni·

153 1602 230 1666 tivos
252 1603 363 1690 pingue
379 1601 514 1686 quiddam
537 1610 567 1665 et
588 1601 729 1664 absonum
752 1600 850 1681 habet,
872 1601 941 1664 sed:

233 1685 309 1751 Ἀπὸ
330 1687 386 1766 μὲν
407 1682 572 1770 βλεφάρων
593 1684 859 1766 αίθημερινὸτ
881 1690 1014 1766 ποιητῶν
1035 1689 1129 1769 λῆρον
1149 1684 1280 1772 ἀφέντα.

152 1771 284 1837 Prorsus
307 1771 350 1834 sic
371 1771 448 1834 dixit
456 1771 624 1834 Aeschines
645 1771 676 1833 in
700 1767 911 1856 Ctesiphontea
932 1773 1010 1834 208:
1033 1771 1080 1832 Σὺ
1102 1773 1137 1834 dd
1158 1769 1323 1850 ἑλκοποιεῖς

154 1859 204 1920 καί
230 1853 350 1937 μᾶλλόν
371 1879 419 1918 σοι
447 1851 530 1934 μίλει
555 1861 617 1919 τῶν
643 1854 824 1936 αὐθημερὸν
845 1853 941 1938 λόγων
968 1851 1063 1936 ἢιῆς
1089 1859 1241 1940 σωτηρίας
1268 1863 1323 1940 τῆς

64 1970 67 1976 ·
152 1938 279 2014 πόλεως.
323 1940 372 2024 qui
399 1939 481 2004 locus
511 1961 529 2003 a
557 1939 658 2003 Plinio
685 1938 780 2088 Epist.
809 1938 862 2004 lx.
885 1941 926 2004 aa
954 1939 1124 2021 adhibetur,
1168 1949 1200 2006 ut
1225 1943 1322 2043 ipsun

152 2025 334 2091 Aeschinem
355 2024 409 2106 iis,
437 2043 511 2108 quae
538 2025 570 2087 in
592 2024 718 2088 Domost
740 2045 795 2088 ene
821 2024 1060 2112 reprehenderit,
1091 2026 1211 2090 minime
1232 2029 1323 2093 abstr-

154 2113 256 2174 nuisse
274 2111 394 2176 doceat:
417 2111 457 2172 ibi
472 2117 567 2173 animun
588 2114 650 2172 τῶν
663 2109 851 2192 οὐίημιρῶν
871 2107 968 2194 λόγων
989 2109 1109 2198 legitur.
1132 2111 1320 2178 Dicitautern

50 2257 56 2270 ,
152 2195 320 2262 Aeschines
346 2195 402 2258 boc
428 2194 547 2258 nomine
566 2215 618 2258 eas
640 2195 807 2276 orationes,
835 2216 909 2280 quae
930 2203 1055 2259 externa
1084 2196 1199 2281 quidem
1221 2199 1319 2286 specie

154 2280 354 2360 blandiuntur,
375 2281 471 2342 subito
492 2300 563 2343 vero
585 2279 773 2344 obsolescunt
794 2289 824 2344 et
844 2293 984 2368 pereunt,
1006 2301 1061 2344 nec
1083 2281 1171 2345 ullum
1193 2283 1320 2348 lructum

151 2373 203 2430 aut
217 2364 414 2465 'commodum
446 2363 584 2428 afferunt.
647 2363 853 2464 ldepreheudit
878 2364 1146 2514 igiturUCratinus
1180 2369 1318 2454 aequales

151 2471 301 2530 comicos,
344 2449 420 2533 quod
442 2458 552 2512 temere
591 2471 731 2514 musicam
759 2460 851 2514 armrn
879 2458 1048 2538 eegemnt,
1092 2465 1202 2516 temere
1229 2475 1319 2553 argu-

151 2543 250 2600 menta
271 2542 300 2598 et
321 2543 486 2682 proponant
507 2542 536 2598 et
558 2535 706 2622 proposita
728 2543 868 2616 tractent,
894 2538 1071 2620 omninoque
1091 2537 1167 2600 nihil
1188 2539 1247 2602 nisu
1268 2560 1318 2604 res

334 2641 421 2699 eves,
465 2619 593 2682 abiectas
621 2628 785 2700 sectentur,
817 2619 882 2707 ipse
909 2641 980 2686 vero
1009 2621 1150 2686 Cratiuhs
1177 2623 1318 2689 incensus

151 2725 263 2770 summo
286 2703 418 2768 veritatis
445 2703 692 2789 pervestigandae
720 2725 819 2768 amore
850 2714 880 2767 et
900 2706 987 2769 huius
1008 2707 1150 2805 propositi
1172 2709 1318 2792 conscius,

150 2790 258 2878 optime
279 2795 403 2861 noverat
428 2787 497 2872 quid
525 2787 735 2875 expetendum,
763 2787 832 2873 quid
863 2809 975 2853 summo
996 2792 1093 2854 studio
1115 2799 1195 2856 esset
1216 2794 1319 2878 exqui-

149 2873 287 2939 rendum:
319 2873 407 2958 idque
440 2873 520 2936 omni
545 2893 636 2972 opera
668 2884 753 2956 atque
779 2873 885 2937 virium
919 2875 1105 2940 contentione
1131 2878 1317 2962 sequebatur.

149 2959 199 3024 De
225 2959 328 3044 quavis
356 2959 450 3045 igitur
470 2979 504 3021 re
526 2957 754 3044 diligentissime
782 2955 931 3045 cogitabat
951 2967 981 3024 et
1007 2968 1066 3024 tum
1088 2960 1219 3044 demum,
1252 2985 1317 3029 curn

150 3043 229 3110 omni
252 3053 395 3132 exparte
416 3042 582 3106 meditatam
603 3049 635 3106 et
655 3056 836 3132 perspectam
858 3043 981 3108 haberet
1001 3047 1167 3134 proposuit3
1200 3047 1315 3114 alienus

150 3131 228 3195 enim
261 3129 318 3194 luit
350 3130 386 3193 ab
421 3127 479 3192 ista
507 3128 643 3208 levitate,
685 3149 742 3212 qua
769 3129 851 3192 multi
882 3129 951 3194 olins
978 3129 1099 3195 luerunt
1124 3139 1229 3221 poetae
1258 3133 1316 3218 nsi,

147 3235 228 3279 nunc
248 3235 319 3278 vero
342 3213 431 3278 multo
452 3211 567 3301 plures,
589 3213 639 3298 qui
660 3215 793 3301 specioso
816 3215 965 3280 facilitatis
986 3216 1035 3280 vel
1056 3218 1172 3305 ingenii
1196 3219 1315 3285 marine

146 3299 221 3364 vitia
248 3299 354 3363 callide
375 3300 542 3363 obscurant.
585 3299 712 3364 Omnino
740 3307 835 3364 autem
863 3301 999 3386 antiquae
1021 3302 1126 3367 atticae
1148 3303 1315 3370 comoediae
1422 3337 1426 3349 ·

148 3385 296 3474 principes
323 3383 395 3448 illud
421 3392 491 3448 sunt
512 3384 620 3465 secuti,
649 3383 724 3468 quod
751 3384 801 3470 qui
827 3385 938 3474 primus
965 3387 1101 3452 nomicum
1124 3397 1217 3454 artem
1239 3389 1317 3491 apud

148 3490 204 3535 nos
215 3469 391 3534 instauravit
405 3475 435 3534 et
446 3469 567 3550 extulit,
588 3467 705 3534 eximiis
720 3470 854 3534 versibus
875 3471 907 3534 iu
919 3471 1017 3536 Furta
1035 3472 1119 3538 fatali
1136 3475 1234 3562 praeci
1267 3484 1293 3539 t:

235 3553 337 3620 Salten
360 3554 440 3642 neigt
460 3554 523 3617 sich
535 3553 640 3636 Einer,
661 3553 803 3619 walchem
828 3496 1315 3647 'ederPulswieFeuerschlltgt

232 3637 319 3704 Weil
339 3637 398 3703 ihm
421 3639 469 3703 die
484 3640 580 3703 Natur
600 3638 644 3702 als
666 3639 752 3703 ihren
764 3640 805 3704 Li
846 3641 910 3728 ling
929 3643 984 3706 auf
998 3641 1056 3707 den
1070 3643 1199 3708 llituden
1219 3651 1314 3744 tetigt:

233 3722 314 3789 Sulis
342 3724 417 3789 auch
438 3723 561 3788 Diesem
588 3724 669 3789 nicht
696 3725 889 3814 misslingen,
923 3727 991 3793 bab’
1016 3749 1052 3793 or
1087 3728 1146 3793 viel
1175 3729 1233 3794 und
1258 3729 1317 3794 tud

845 3827 847 3836 ’
912 3813 985 3878 dach
1128 3861 1130 3864 -
1184 3825 1190 3838 '

231 3892 317 3959 Ahar
337 3893 423 3957 ferne
443 3913 502 3956 von
524 3891 711 3976 Scholastik,
734 3895 782 3960 die
804 3897 852 3960 dio
865 3833 951 3963 &ab
971 3821 1024 3964 ullr
1044 3895 1165 3963 Formel
1185 3899 1292 3966 naht

232 3975 331 4043 Wdre
353 3979 405 4042 mit
426 3999 459 4042 so
481 3977 607 4042 leicbteu
631 3979 749 4044 Grillen
769 3999 806 4044 nn
828 3983 985 4049 entzillern
1007 3984 1055 4050 die
1075 3983 1182 4065 Natur,
1297 4007 1302 4013 ·

232 4063 325 4128 Hane
346 4064 390 4127 sie
413 4065 466 4128 aul
485 4063 559 4128 euch
581 4073 727 4151 gevattet
747 4065 796 4130 ibr
816 4089 851 4131 zu
872 4071 1010 4134 hommem
1032 4070 1086 4134 auf
1104 4069 1153 4134 die
1170 4067 1268 4159 Spart
1300 4096 1303 4109 ¹

232 4147 320 4212 Auch
341 4149 394 4212 das
416 4149 522 4230 Reate,
543 4169 607 4214 was
630 4151 677 4213 ibr
698 4151 805 4232 bildet,
825 4153 866 4216 ist
884 4155 935 4218 ein
956 4156 1071 4242 evviger
1091 4152 1239 4237 Versucb,
1298 4207 1299 4214 ,

231 4231 298 4297 Nur
318 4255 408 4298 vvenn
430 4233 522 4298 Kralt
542 4255 576 4299 es
599 4235 692 4316 aaut,
718 4235 810 4302 bleibt
830 4252 866 4302 es
886 4250 1036 4328 stereotyp
1055 4241 1096 4305 im
1117 4237 1311 4309 Zeitenbunb.

145 4317 216 4384 Nou
237 4317 330 4406 igitur
351 4317 470 4382 luerunt
490 4319 534 4384 illi
555 4321 704 4408 principes
725 4321 780 4386 viri
801 4323 1003 4416 philosophiae
1025 4327 1121 4406 studio
1133 4326 1235 4408 dediti,
1256 4327 1311 4392 sed

147 4404 354 4484 abhorrebant,
373 4405 510 4488 quoniam
533 4407 667 4492 germani
688 4407 808 4472 luerunt
823 4420 941 4498 poetae,
960 4412 1145 4502 adlsciplina
1162 4419 1196 4477 et
1212 4413 1310 4478 sortus
1370 4495 1372 4500 A
