3000 5048
271 335 337 406 412
500 389 503 396 .
654 332 1056 404 COMMENTATIONES

280 549 285 556 -
355 504 467 581 Δίξαι·
489 509 603 570 πιοῖισα
624 501 655 568 d'
680 500 922 570 botrontinae
943 497 1103 590 ευμδςῇ,
1248 519 1260 548 a

356 591 525 674 Περίδος
545 589 581 654 τὸ
602 595 735 674 πρῶτον.
1219 585 1226 602 ’

270 676 335 738 Πῖν
362 675 455 740 forma
479 675 595 764 plebeia
615 681 678 757 est,
708 695 762 764 pro
783 682 873 752 πιεῖν,
893 694 975 759 ¹quae
997 695 1056 738 non
1077 671 1198 738 dedecet
1224 693 1348 757 servum,
1371 679 1410 760 qui

272 759 450 847 Thoolytem
473 760 607 841 arcessit,
627 767 660 823 ut
679 781 777 824 secum
798 759 887 824 bibat.
914 757 1010 823 Servo
1032 764 1127 822 autem
1141 757 1288 846 Theolyte
1307 762 1409 847 regerit,

271 850 360 908 mle
380 869 429 908 ιπσ
449 859 589 920 tractas,
613 859 722 908 δαπεατ
737 869 797 927 me,
818 845 909 906 homo
931 847 1229 924 ιἰπραείσπτῖεεῖπτος
1249 850 1328 928 θῆρα
1347 847 1409 910 enim

272 951 337 994 onm
359 929 486 1021 apellat,
527 930 604 994 idem
626 937 672 994 ost
698 951 732 994 ae
753 929 780 992 εἰ
801 925 934 1012 σάτυρον
961 929 1143 1009 vocavisset,
1170 929 1229 992 vid.
1250 928 1409 1038 Hospcbius:

275 1015 393 1100 Θῆρας·
414 1013 486 1089 τοὺς
507 1011 701 1097 σατυρικοῖς.
723 1021 753 1078 ot
773 1014 828 1077 hoo
849 1013 967 1078 nomine
990 1013 1076 1078 eliam
1088 1011 1245 1102 Euripides
1257 1013 1288 1076 in
1302 1014 1411 1102 byclope

244 1145 247 1152 ·
270 1119 301 1163 v.
319 1097 384 1164 624
404 1097 531 1185 Satyros
552 1105 650 1164 vooet:

356 1186 466 1266 Σιγᾶτε
488 1182 564 1268 πρὸς
584 1189 682 1260 θεῶν,
703 1187 814 1266 θῆρες,
835 1176 1006 1264 ἡσυχάζετε,

356 1267 525 1344 Eva-llatae
546 1265 653 1352 ι’ίρθρα
673 1265 837 1347 στόματος.

270 1351 390 1418 Deinde
410 1353 532 1435 περίδος
553 1353 689 1418 substitui
709 1353 742 1416 in
761 1352 856 1416 locum
876 1349 1015 1438 vulgatae
1036 1349 1172 1414 lectionis
1194 1346 1334 1435 παράδος,
1352 1349 1410 1435 ρεαδ

270 1438 324 1503 vix
344 1445 441 1526 potest
460 1438 548 1502 ferri:
570 1437 812 1502 servorumenim
833 1435 990 1500 exhibetur
1003 1436 1181 1517 convivium,
1203 1443 1285 1520 atque
1303 1435 1358 1515 ille,
1375 1433 1421 1518 qui

272 1523 381 1610 primes
407 1521 471 1610 ogit
495 1528 614 1610 partes,
646 1522 727 1586 iubet
751 1520 939 1606 Theolyten,
967 1519 1017 1583 ubi
1043 1521 1109 1608 ipsa
1135 1529 1272 1606 quantum
1298 1520 1412 1584 collibue-

272 1607 313 1671 rit
333 1606 455 1688 biberit,
517 1607 630 1672 oculum
657 1623 746 1696 porro
773 1605 958 1694 epulantibus
980 1604 1118 1686 tradere,
1163 1606 1230 1670 vide
1251 1605 1285 1669 de
1304 1606 1354 1669 hoo
1370 1623 1411 1666 usu

271 1690 459 1757 Athenaeum
479 1628 533 1756 Ab.
554 1713 583 1779 p.
604 1693 668 1758 50³
689 1690 733 1755 F:
761 1695 829 1754 Τοσ
850 1695 910 1753 ’τοι
931 1688 1022 1753 ελπολν
1043 1685 1059 1752 ὁ
1081 1685 1285 1774 Πλούταρχος
1304 1691 1347 1752 καλ
1366 1685 1410 1748 bad

273 1773 394 1840 πάντων
415 1779 627 1861 κροταλισθεὶς
647 1773 740 1860 ᾔτησε
762 1772 837 1860 (pauli
880 1823 889 1853 ,
917 1771 975 1859 ἀφ’
998 1765 1036 1854 ἧς
1056 1775 1185 1850 σπείσας
1205 1785 1271 1850 ταῖς
1291 1769 1411 1845 Μούσαις

273 1863 324 1926 καλ
355 1866 393 1946 τῇ
418 1857 536 1926 τούτων
560 1864 654 1944 μητρὶ
680 1856 877 1948 ,Μνημοσιλνχ
905 1855 1050 1942 προιδπινε
1076 1864 1172 1924 πᾶσιν
1199 1859 1365 1946 φιλοτησίαν
1381 1891 1411 1904 -

272 1943 365 2010 domm
389 1950 434 2032 τῷ
461 1946 563 2022 παιδί,
591 1951 760 2030 περισοβεῖν
786 1947 819 2008 ἐν
845 1941 946 2029 κύκλῳ
973 1939 1130 2020 κελεύσας,
1160 1944 1196 2008 τὸ
1223 1943 1316 2030 adalp
1340 1942 1412 2005 πίνειν

272 2029 359 2098 τοῦτ’
383 2027 458 2096 εἶναι
478 2030 587 2115 λίχων,
608 2029 853 2124 παρατιθέμενος
877 2031 1059 2114 Μένανδρον
1080 2031 1113 2093 ἐκ
1133 2030 1303 2116 Περινθίοις
1320 2031 1374 2091 κτλ.

357 2163 530 2230 Athenaeus
550 2164 605 2233 lv.
625 2187 653 2253 p.
677 2165 739 2232 165
759 2163 805 2246 Α,
837 2165 887 2228 ubi
908 2164 945 2229 de
967 2162 1196 2254 Chaerephonte
1217 2165 1349 2251 loquitur,
1369 2161 1411 2224 hos

272 2249 412 2316 Alexidis
433 2272 450 2314 e
470 2248 736 2315 Commorientibus
757 2270 862 2314 versus
884 2249 1034 2338 proponit:

354 2333 422 2395 Ἐπὶ
443 2335 563 2398 δεῖπνον
584 2333 626 2408 εἰς
647 2331 806 2414 Κόρινθον
827 2332 930 2396 ἐλθὼν
950 2336 1121 2420 Χαιρεφῶν

349 2413 506 2498 Ἄκλητος,
527 2413 586 2499 ἤδη
608 2414 665 2502 γὰρ
688 2417 809 2482 πέτεται
831 2414 1020 2492 διαπόντιος·

362 2499 453 2566 Οὕτω
481 2527 511 2566 τι
531 2499 688 2588 τάλλότρι’
711 2503 824 2566 ἐσθίειν
845 2503 908 2566 ἐστὶ
929 2499 1035 2588 γλυκύ.

273 2625 338 2669 oum
358 2601 415 2668 hoo
435 2600 537 2668 ultimo
557 2623 647 2668 versu
668 2603 814 2694 oonaponit
834 2603 1020 2694 Theopompi
1041 2606 1148 2672 verba:
1172 2607 1236 2670 Kal
1259 2600 1412 2682 Θεόπομπος

273 2687 305 2756 δ’
330 2689 362 2752 ἐν
379 2686 525 2752 Ὀδυσσεῖ
542 2684 618 2772 ἔφη·

356 2771 526 2854 Εὐριπίδου
546 2773 578 2838 τ’
602 2769 727 2857 ἄριστον
748 2770 785 2836 od
806 2779 907 2851 κακῶς
928 2771 1006 2856 ἕχον,

360 2854 535 2942 Τιλλλότρια
552 2859 678 2922 δειπνεῖν
693 2855 746 2922 τὸν
767 2863 869 2936 καλῶς
890 2857 1067 2941 εὐδαίμονα.

172 3039 175 3044 ¹
272 2959 427 3024 Panaenus
449 2981 510 3024 non
531 2965 610 3024 recte
629 2958 723 3023 voluit
742 2957 890 3042 τάρχαῖον
910 2960 1025 3047 legere,
1045 2961 1122 3048 ¹quod
1143 2927 1244 3048 purum
1266 2955 1412 3046 apteTheo

272 3065 394 3133 pompus
416 3043 453 3108 de
464 3043 614 3192 Euripidis
637 3043 734 3143 aliqua
755 3046 902 3109 sententia
919 3045 1053 3126 dixisset,
1075 3068 1143 3110 narn
1164 3043 1412 3134 penitusdiuemnn

227 3199 228 3204 γ
273 3136 335 3210 ost,
369 3128 444 3213 quod
466 3127 520 3191 Eri
563 3149 612 3210 us,
642 3149 768 3193 commus
790 3137 892 3216 poeta,
921 3129 957 3194 do
985 3131 1103 3217 antiquo
1124 3131 1279 3220 pmverbio
1303 3125 1369 3192 dixit
1388 3121 1412 3184 hl

273 3212 369 3279 Aeolo
391 3212 468 3301 apud
489 3151 674 3278 Athenaeum
694 3213 748 3282 IV.
769 3235 799 3302 p.
821 3213 883 3280 134
903 3213 945 3279 B:

357 3299 465 3380 Λοχος
485 3294 543 3382 γάρ
566 3297 630 3362 ἐστ’
656 3297 782 3382 ἀρχαῖος
805 3297 841 3362 od
862 3305 964 3374 κακῶς
985 3297 1070 3380 ἔχων,

362 3379 454 3447 Οἶνον
474 3383 593 3467 λέγουσι
615 3381 688 3458 toric
708 3383 861 3467 γέροντας,
884 3377 909 3448 ὦ
930 3380 1035 3470 πάτερ,

358 3469 487 3548 Heldua
504 3464 640 3552 χορεύειν
662 3465 699 3532 οὒ
721 3469 881 3544 θέλοντας.

274 3554 361 3620 immo
383 3552 540 3640 legendum
562 3562 623 3634 est,
645 3575 703 3618 una
725 3553 838 3618 adiecta
859 3553 970 3618 littera:

358 3636 528 3722 Εὐριπίδου
546 3636 614 3702 ’στ’
639 3635 798 3721 ἄριστον
817 3635 856 3700 od
878 3635 1078 3720 κακῶς,ἔ’χυνι

273 3723 348 3790 haec
369 3731 463 3788 autem
487 3730 532 3788 est
553 3725 710 3804 sententia,
731 3727 953 3801 Euripidem
968 3740 1021 3788 eet
1039 3729 1249 3798 ῖιιιυποαὶειιιε,
1271 3741 1332 3784 που
1349 3729 1413 3776 tm
1458 3749 1459 3754 ¹

274 3813 558 3872 οοιιτειιιιιοιιιῖειιιει
581 3815 650 3872 sunt
672 3808 750 3872 enim
770 3809 844 3872 haee
864 3809 956 3874 verba
977 3808 1088 3890 Ulixis,
1110 3811 1158 3894 qui
1176 3807 1272 3873 sooios
1292 3803 1411 3872 hortator,

274 3899 307 3958 ut
328 3891 469 3982 Cyclopis
491 3913 578 3958 caseo
600 3899 628 3956 et
654 3892 730 3956 laete
756 3893 854 3981 prorui
879 3893 1044 3960 collibuerit
1069 3895 1219 3959 fruantur:
1260 3889 1309 3954 ille
1336 3887 1412 3950 auton
1458 3887 1459 3910 ¹

184 4077 185 4082 ’
275 3999 539 4146 γθηυῗάλλότρια
561 4061 687 4124 δειπνεῖν
708 4058 762 4126 τὸν
782 4065 883 4138 καλῶς
904 4059 1081 4143 εὐδαίμονα.
1458 4013 1459 4094 l

276 4167 315 4212 ex
342 4149 472 4234 satyrica
499 4146 597 4232 aliqua
618 4146 769 4234 Euripidis
790 4147 892 4212 lebula
917 4149 1025 4236 petitus
1046 4148 1172 4214 videtur.
1199 4144 1329 4212 Getarum
1352 4150 1411 4197 com·

274 4252 368 4321 ponas
390 4253 454 4296 cum
475 4230 535 4296 illis
557 4231 755 4382 verbispuod
775 4231 946 4319 Aeschylus
964 4233 1044 4299 dixit
1062 4233 1117 4298 Fr.
1137 4234 1202 4300 280
1220 4229 1269 4296 ed.»
1285 4219 1387 4292 Dindl.:

364 4317 450 4382 Οἴκοι
471 4316 570 4396 μένειν
587 4315 648 4402 χρὴ
670 4341 688 4382 τ
706 4342 723 4380 ν
743 4321 844 4392 καλῶς
865 4316 1040 4398 εὐδαίμονα,

360 4403 426 4466 Καὶ
446 4399 501 4466 τὸν
521 4406 622 4479 κακῶς
643 4397 822 4490 πρόσωπα
842 4404 893 4466 καὶ
915 4407 1025 4468 τοῦτον
1043 4403 1152 4486 noua.
