3004 5048
311 321 370 392 DE
391 309 534 402 neela.
555 319 743 400 COMOED.
762 321 870 392 ATT.
890 321 1035 440 ANTIdt.
1121 364 1125 378 ι
1194 323 1259 396 368

17 487 18 492 ’
87 489 255 562 Scholiasta
265 486 476 582 Aristophanis
497 489 596 558 Nubb.
616 511 647 556 v.
667 491 710 556 96
731 487 831 572 affert,
851 496 884 556 ut
905 491 1085 558 demonstret
1101 492 1259 564 Socratem

89 579 125 644 ab
145 575 292 666 Eupolide
320 577 406 642 etiam
439 576 579 665 marius,
610 597 695 686 poam
721 576 759 640 ab
780 571 982 666 Aristophane
1008 588 1147 656 vexatum
1174 601 1257 646 esse:

81 661 213 726 ’Ἔπειτα
234 657 384 739 Εὐπολις,
414 663 440 724 ελ
466 663 517 725 καλ
545 659 587 725 δι’
618 663 727 744 ολίγων
754 656 895 744 ἐμνήσθη
917 659 1116 746 Σωκράτους,
1142 669 1260 745 μᾶλλον

89 745 108 830 ἢ
131 742 354 832 Ἀριστοφάνης
381 747 414 811 ἐν
440 743 525 822 ὅλαις
550 754 617 822 ταῖς
646 743 800 832 Νεφίλαις
827 742 924 810 αὐτού
951 743 1138 830 καθήψατο·
1172 747 1261 814 οὐδὲν

89 831 123 898 δὲ
147 840 250 916 χεῖρον
277 827 516 914 ὑπομνησθῆναι
541 837 604 894 τῶν
625 826 813 906 Εὐπόλιδος·
844 828 1018 912 Δεξάμενος
1040 833 1073 896 δὲ
1094 831 1262 920 Σωκράτης

88 915 143 998 τὴν
170 917 311 993 ἐπίδειξιν
331 913 524 1001 Στησιχόρου
546 912 685 998 οῗνοχόην
705 913 846 997 ἔκλεψεν·
890 911 954 980 οἷον
976 915 1007 980 δ’
1031 908 1084 1000 ἦν,
1112 914 1188 1003 δρᾶν
1208 919 1262 986 τόν

90 995 263 1088 φιλόσοφον
287 999 323 1066 cd
350 1001 383 1066 ἐκ
410 1005 532 1088 φανερῷ
559 997 694 1082 μάλιστα
707 1071 708 1076 1
722 1005 828 1077 σκεύος
855 1003 1068 1082 κατακείμενον
1094 1003 1264 1072 κλέπτοντα

89 1087 140 1150 καλ
164 1081 404 1172 ὐφαιροάμενον.
437 1095 517 1152 etv.
539 1087 615 1154 179:
635 1081 765 1167 Ὅμοιον
789 1089 834 1176 τῷ
859 1081 920 1151 aiud
941 1083 1114 1166 Εὐπόλιδος
1136 1087 1263 1178 ῥηθέντι

88 1171 155 1256 περὶ
177 1167 379 1256 Σωκράτους·
1269 1203 1274 1214 ·

172 1252 367 1364 Στησιχόρου
388 1253 465 1340 πρδς
485 1254 541 1340 τὴν
560 1250 658 1342 λόραν

179 1343 330 1426 Οίνοχοην
350 1337 484 1422 ἔιιλεψεν.

89 1423 157 1492 Ηοο
176 1425 187 1490 i
212 1426 271 1491 'tur
291 1425 377 1492 modo
398 1426 505 1490 chorus
527 1422 709 1490 adulatorum
730 1421 768 1488 de
789 1421 913 1489 Socrate
933 1425 1048 1492 locutus
1069 1433 1148 1494 erat:

173 1447 349 1594 δειξάμενος
370 1509 405 1577 δὲ
424 1506 592 1596 Σωκράτης
612 1506 667 1591 τὴν
688 1508 830 1583 ἐπίδειξιν
851 1507 979 1589 αὐτοῦ,.

174 1591 379 1681 Στησιχόρου,
391 1593 468 1682 πρὸς
488 1592 545 1676 τὴν
564 1590 663 1678 λάρον
684 1588 824 1674 οἰνοχόην
845 1591 981 1676 ἔκλεψεν.

90 1677 131 1744 Ut
152 1679 191 1745 ad
211 1680 290 1746 hanc
310 1681 492 1771 potissimum
513 1677 644 1743 fabulam
665 1677 721 1742 hos
739 1677 900 1743 versiculos
921 1680 1067 1761 referam,
1088 1701 1148 1745 non
1169 1680 1264 1745 solum

89 1764 176 1828 metri
197 1771 228 1830 et
254 1767 419 1831 sententiae
441 1762 600 1830 similitudo
621 1761 738 1840 suadet,
767 1761 821 1826 sed
842 1763 930 1828 etiam
951 1763 993 1846 id,
1015 1763 1091 1850 quod
1112 1765 1265 1852 probabile

88 1853 145 1929 est,
166 1847 308 1938 Eupoiin‚
329 1851 372 1914 nti
393 1853 507 1914 ceteros
527 1845 644 1936 philoso
663 1847 718 1910 hos
740 1846 866 1930 nobiles,
888 1848 937 1932 qui
957 1854 1027 1912 tunc
1047 1847 1177 1914 Athenis
1198 1869 1266 1914 ver·

87 1933 251 2016 sahantur,
277 1935 321 1998 sic
342 1935 430 1998 etiam
453 1931 621 2014 Socratem,
644 1869 765 1996 1iiailiae
785 1933 959 2020 praesertim
986 1932 1109 1998 amicum
1130 1940 1160 1998 et
1179 1933 1266 2000 fami-

85 2015 202 2099 liarem,
226 2023 365 2103 tanquam
385 2017 514 2082 hominis
534 2015 616 2081 iliius
637 2014 775 2082 ditissimi
786 2009 967 2082 adulatorem
980 2017 1146 2082 nutavisse:
1168 2017 1266 2082 itane

86 2121 196 2166 censeo
219 2101 309 2166 etiam
329 2101 403 2166 illud
423 2102 639 2192 fragmentum,
688 2099 747 2166 uod
774 2101 850 2189 apud
873 2101 1174 2191 Olympiodorumnad
1193 2039 1267 2168 Pia-

85 2184 165 2248 tonis
186 2185 343 2252 Phaedon.
365 2184 407 2252 14
430 2185 521 2275 (apud
542 2121 758 2335 ngeniach.
779 2206 809 2273 p.
830 2185 906 2271 175)
929 2185 957 2250 le
981 2187 1054 2270 tur,
1083 2186 1121 2252 ed
1142 2185 1266 2252 eandem

85 2267 164 2374 hauc
201 2269 335 2336 fabulam
365 2271 529 2360 pertinere:
567 2265 577 2290 ‘
636 2269 695 2358 γάρ
723 2267 859 2346 Εὐπολις
901 2294 966 2356 φησ
1009 2273 1079 2358 περλ
1110 2277 1168 2338 τοῦ
1195 2273 1267 2338 Σω-

87 2374 277 2504 κρωωίδδισολ
298 2436 330 2502 δ’
355 2435 447 2524 ἔγωγε
468 2432 638 2524 Σωκράτην
657 2435 712 2504 τδν
731 2437 853 2522 πτωχὸν
874 2433 1053 2524 ἀδολέσχην,

165 2519 225 2599 Ὃς
245 2519 344 2588 τάλλα
364 2523 421 2605 μὲν
440 2519 655 2609 πεφρόντικεν,
920 2583 924 2596 ,

170 2601 308 2673 Ὃπόδεν
328 2608 362 2672 δὲ
383 2615 573 2693 καταφαχεῖν
593 2605 674 2688 ἔχοι,
695 2602 807 2672 τοότου
830 2605 1046 2690 κατημέληκεν.

88 2687 181 2755 itale
206 2691 323 2773 endum,
345 2698 511 2780 comparato
532 2691 641 2756 Proclo
663 2690 740 2778 apud
759 2691 923 2756 Ruhnken.
945 2691 983 2756 ad
1003 2691 1266 2793 XenophMemo·

89 2773 154 2840 rab.
175 2713 205 2841 δ.
223 2779 254 2842 2.
291 2775 406 2846 Versus
429 2776 560 2840 dimeter
572 2775 763 2864 interpositus
784 2776 921 2840 versibus
942 2781 1120 2844 tetrametrrs
1142 2778 1266 2843 catalec-

89 2857 156 2923 ticis
177 2882 239 2926 non
267 2861 375 2950 poterit
401 2860 562 2925 offensioni
583 2881 671 2942 esse3
699 2859 856 2942 similiter,
884 2867 917 2925 ut
936 2859 1068 2944 videtur,
1095 2861 1171 2926 alius
1199 2863 1265 2948 quis

90 2944 217 3012 comicus
238 2952 327 3036 poeta
347 2945 424 3036 apud
444 2944 618 3010 Bekkernm
640 2945 673 3008 in
692 2943 808 3010 Anecd.
830 2944 872 3011 Τ.
893 2945 918 3011 Ι.
939 2967 969 3035 p.
990 2943 1064 3028 347,
1086 2947 1122 3014 9:

504 3027 653 3094 Γλῶττάν
673 3027 708 3094 τί
727 3053 777 3094 σοι

174 3114 315 3180 Δίδωσιν
335 3113 374 3180 ἔν·
389 3111 478 3200 δήμῳ
500 3123 607 3201 φορεῖν
626 3119 729 3180 καλῶν
749 3109 847 3199 λόγων
868 3111 983 3192 deloco,

166 3187 224 3262 Ἧι
246 3197 347 3264 πάντα
374 3195 504 3283 κινήσεις
525 3199 630 3284 λίγων.

89 3277 233 3350 Ceterum
252 3285 330 3350 hunc
353 3285 538 3375 potissimum
558 3283 753 3350 Aduletorum
775 3282 953 3348 comoediam
973 3281 1090 3348 videtur
1109 3283 1264 3352 Lucienus

87 3371 279 3455 respexisse,
307 3369 414 3456 quiin
439 3369 595 3434 Piscatore
623 3391 648 3434 c.
668 3367 726 3436 25:
768 3370 835 3432 Καὶ
861 3364 972 3450 πάλαι,
1000 3368 1110 3454 inquit,
1143 3367 1265 3456 ἔχαιρον

82 3443 299 3540 Ἀριστοφάνει
319 3453 370 3518 καλ
392 3449 556 3530 Εὐπόλιδι,
577 3449 746 3536 Σωκράτην
767 3455 815 3518 ent
834 3453 984 3542 χλευασίρι
1004 3449 1194 3539 παράγουσιν
1214 3459 1264 3522 tat

86 3531 144 3616 ‘cdo
164 3535 293 3624 σκηνήν,
314 3541 364 3602 καλ
377 3540 579 3628 κωμῳδοῦσιν
587 3534 772 3613 ἀλλοκότους
792 3537 876 3614 τινὰς
897 3541 964 3623 περὶ
980 3536 1076 3602 αὐτοῦ
1088 3541 1262 3628 κωμῳδίας.

172 3621 224 3689 Eu
262 3623 331 3689 lidie
352 3622 496 3688 Maricam
525 3623 605 3690 inter
631 3630 661 3689 at
680 3645 717 3688 ue
738 3621 950 3712 Aristophanis
971 3621 1094 3710 Equites
1122 3645 1265 3692 summam

89 3700 212 3775 similitu
234 3709 312 3774 inem
338 3708 561 3792 intercessisse,
594 3729 634 3776 ex
659 3645 861 3798 Aristophane
887 3709 954 3798 ipso
982 3714 1120 3797 opacet,
1155 3710 1204 3794 qni
1230 3711 1263 3776 in

88 3784 227 3894 Nubibus
247 3814 276 3860 v.
298 3793 362 3893 5δ3
383 3814 419 3894 ep
445 3792 568 3892 emmine
595 3799 714 3894 accusat
732 3791 925 3894 λλιηιολίδοοο,
952 3730 1039 3880 φοοδ
1048 3793 1127 3860 mele
1146 3793 1263 3879 fraude,

89 3889 164 4018 qim
180 3877 1039 4047 diddoecadildoiglldrieigriieipidicixisiriloiiddldt‘itndpssoior,

95 4111 99 4121 ,
177 4053 302 4112 Τούτον
321 4047 453 4114 δείλαιον
473 4044 638 4134 κολετρῶσ’
662 4046 709 4112 ἀεὶ
730 4049 782 4112 καλ
802 4047 858 4130 τὴν
877 4044 1015 4132 μητέρα·

178 4130 315 4208 Εὐπολις
334 4133 391 4214 μδν
411 4132 466 4200 τδν
486 4136 637 4218 Μαρικᾶν
657 4127 830 4218 πρώτιστον
849 4132 1057 4219 παρείλκυσεν,

172 4213 366 4300 Ἐκστρίψας
385 4217 457 4294 τούς
476 4215 642 4304 ἡμετέρους
662 4216 772 4296 ἱππίας
792 4216 886 4293 κακδς
906 4221 1016 4295 κακῶς,

175 4302 339 4385 Προσθελς
359 4301 443 4391 αὐτῷ
463 4309 561 4390 γραῦν
579 4298 720 4387 μεθύσην
740 4308 795 4368 τοῦ
816 4297 966 4390 κόρδακος
987 4295 1098 4384 οὕνεχ’,
1119 4297 1158 4385 ἢν

180 4381 334 4474 Φράνιχος
353 4381 449 4454 πάλαι
470 4385 626 4474 πεποίηχ’,
647 4384 685 4472 ἣν
705 4386 741 4455 cd
762 4392 853 4472 κῆτος
872 4383 990 4471 ἤσθιεν.

1014 4485 1073 4583 ιο
