3000 5048
272 349 338 420 132
656 347 1057 418 COMMENTATIONES

272 515 379 600 ὅμοιον
404 515 511 602 τέττιγι
533 517 582 580 καί
604 517 738 603 προνάῳ,
772 513 813 594 ὡς
833 515 1029 594 Σπεύσιππος
1050 518 1230 602 παρίστησιν
1249 519 1279 584 ἐν
1297 517 1411 608 τετάρτῳ

273 601 403 684 ὁμοίων·
444 597 622 682 μνημονεύει
656 601 761 666 αὐτῶν
788 602 952 678 Ἐπίλυκος
990 605 1021 666 lv
1053 605 1256 689 Κωραλίσκῳ.
1295 625 1411 689 quorsum

271 689 399 777 pertinet
419 687 519 752 Pharii
542 687 643 773 glossa
665 709 691 774 p.
712 689 848 768 592,st
870 689 920 754 nui
940 689 1033 752 falso:
1058 688 1243 771 Τιττιγόνιον
1263 687 1412 777 (legendum

269 769 544 922 -τιγάτιονΞΓὸμοιον
573 773 698 854 τέττιγι·
739 771 895 848 Ἐπίλυκος
917 773 1111 858 Κοραλίσιιιρ.
1154 772 1252 858 Atque
1277 775 1316 838 ita
1341 776 1413 838 etiam

272 857 381 924 suidas
437 905 443 920 .
465 857 489 920 Ι.
511 879 539 944 p.
560 857 638 922 8¹9:
679 855 852 932 Ἐπίλυκος·
874 858 1005 938 κωμικὸς
1026 853 1167 940 ποιητής·
1190 863 1250 920 τῶν
1271 856 1413 944 ὁραμάτων

273 944 336 1008 ἐστὶ
358 942 566 1027 Κοραλίσκος,
610 937 651 1014 ὡς
667 938 839 1023 Ἀθήναιος.
882 942 967 1006 Haec
995 943 1093 1006 omnia
1120 948 1215 1006 autem
1243 942 1278 1006 au
1306 941 1414 1009 Atticam

273 1027 427 1092 dialectum
448 1025 606 1090 reserenda
626 1031 711 1106 sunt,
740 1028 782 1092 uti
803 1027 890 1092 etiam
911 1027 998 1104 illud,
1019 1027 1094 1112 quod
1115 1047 1156 1092 ex
1177 1029 1241 1116 ipsa
1260 1027 1312 1091 hac
1331 1027 1415 1091 fabula

272 1113 393 1202 petiisse
413 1111 528 1176 videtur
548 1111 721 1176 Athenaeus
743 1111 767 1176 Ι.
788 1133 817 1200 p.
838 1111 880 1176 28
896 1111 937 1176 E:
960 1115 1039 1187 Χΐος
1060 1114 1111 1176 καὶ
1135 1108 1252 1187 Θάσιος
1270 1109 1414 1194 ἠλημίνος.

355 1219 419 1284 lam
452 1219 484 1282 in
514 1220 570 1284 hoc
595 1220 762 1306 fragmento
795 1220 979 1285 aertissima
1009 1221 1100 1285 dorici
1133 1221 1276 1284 samonis
1308 1221 1414 1306 vestigia

272 1311 439 1393 supersunt,
460 1305 520 1368 alia
540 1325 611 1368 vero
632 1306 754 1392 turpiter
775 1241 953 1370 oblitterata:
998 1317 1027 1368 et
1047 1307 1163 1369 numeri
1184 1325 1293 1390 quoque
1311 1305 1333 1368 ii
1351 1318 1413 1385 sunt,

294 1393 321 1454 ui
349 1388 595 1454 Lacedaemoniis
623 1390 748 1453 maxime
777 1390 965 1469 conveniunt,
992 1391 1162 1477 anapaesti,
1192 1391 1293 1475 quihus
1318 1389 1414 1452 indea

305 1475 401 1561 yrtaei
421 1481 551 1560 tempore
573 1475 699 1538 maxime
722 1474 919 1540 delectabatur
930 1473 1120 1538 Doriensium
1143 1477 1274 1561 gravitas
1296 1495 1328 1537 ac
1346 1493 1414 1536 sere·

271 1561 364 1625 ritas:
408 1559 518 1646 primus
547 1565 642 1621 autern
662 1579 767 1624 versus
795 1569 840 1624 est
867 1559 1083 1660 paroemiacus‚
1113 1581 1183 1622 nam
1210 1561 1237 1623 is
1263 1559 1302 1623 ibi
1321 1577 1413 1642 quoque

271 1639 479 1728 nonrlunquam
501 1643 661 1730 reperitur,
684 1643 734 1706 nbi
756 1652 901 1708 sententia
921 1643 987 1731 ipsa
1007 1644 1134 1708 nondum
1159 1643 1196 1708 ad
1218 1643 1361 1707 terminum
1379 1647 1414 1704 est

271 1730 427 1818 perducta:
450 1727 520 1812 quin
541 1727 627 1793 etiam
648 1728 679 1790 in
702 1729 824 1794 exordio
846 1729 983 1792 carminis
1006 1728 1159 1812 aliquoties
1181 1729 1218 1792 ab
1239 1726 1414 1814 Aristophane

272 1815 429 1880 collocatus
455 1813 580 1878 videtur.
622 1811 726 1898 Neque
749 1835 819 1880 vero
841 1813 993 1899 quidquam
1015 1813 1205 1877 dubitationis
1227 1810 1414 1876 offensionisve

271 1899 304 1964 in
333 1920 367 1962 eo
395 1903 457 1980 est,
500 1897 575 1982 quod
602 1897 749 1984 spondens
783 1899 815 1962 in
846 1898 1004 1988 penultimo
1031 1898 1104 1986 pede
1134 1898 1175 1960 sit
1206 1897 1356 1962 admissura
1389 1891 1413 1955 id

271 1985 366 2073 ipsum
387 1983 465 2046 enim
486 1981 793 2047 convenientissimum
815 1993 861 2047 est
882 1983 974 2047 domei
995 1989 1024 2047 et
1051 1982 1197 2046 sermonis
1219 1989 1249 2046 et
1268 1978 1414 2046 harmoniae

272 2068 426 2220 pponam:
458 2065 691 2216 {luwlirymgus
722 2067 754 2130 in
785 2068 953 2158 anapaestis
978 2067 1171 2156 paroemiacis
1205 2067 1279 2156 apud
1307 2065 1413 2130 Dionem
1461 2109 1462 2160 g

292 2155 298 2178 ¹
359 2159 430 2218 sost.
492 2199 499 2215 .
554 2199 560 2214 .
604 2197 611 2216 .
661 2175 669 2214 z
1461 2163 1462 2182 ί

321 2175 444 2320 ry’ityer'
470 2228 494 2300 ὦ
515 2172 663 2318 Enniana
685 2231 834 2320 εὐάνδρου

355 2325 474 2402 Κοῦροι
496 2319 635 2404 πατέριον
655 2325 806 2400 πολιῆται,

356 2407 447 2493 Λοιρῖ
467 2405 522 2482 μὲν
543 2403 609 2466 ἴτον
630 2403 834 2486 προβάλεσθε.

356 2485 444 2573 Λόρο
467 2486 500 2552 δ’
525 2485 678 2568 εὐτόλμως
698 2483 872 2566 πάλλοντες,

279 2631 282 2638 .
356 2573 417 2657 Μὴ
437 2570 610 2659 φειδόμενοι
630 2579 686 2650 τάς
707 2575 795 2652 ζωᾶς,

361 2657 408 2724 oo
435 2658 492 2744 γὰρ
521 2655 649 2744 πάτριον
674 2664 730 2734 τᾶς
748 2654 907 2743 Σπάρτας.

257 2771 313 2836 ut
343 2790 550 2854 nonnunquam
582 2769 669 2834 etiam
696 2768 789 2836 Attici
814 2776 936 2857 poetae,
978 2769 1027 2854 qni
1057 2769 1209 2834 ilentidem
1234 2768 1289 2832 hoc
1312 2765 1414 2828 menum

272 2863 504 3004 usurpaoqunpq,
527 2855 568 2918 nti
588 2853 804 3000 fluistoplqanes
826 2855 858 2919 in
879 2853 1057 2940 Tagenistis
1078 2853 1132 2920 Fr.
1153 2853 1243 2920 XIII:

478 2963 540 3002 νων
560 2963 665 3002 λίλίσϊίν
684 2964 717 3002 v&
730 2963 768 3002 ml
1271 2966 1273 2970 ’

358 3023 524 3106 Ιλάξαιριῖιν
552 3023 624 3098 cole
650 3019 832 3104 Δαρεικούς.
975 3094 976 3098 1

272 3147 367 3212 neque
389 3145 449 3188 non
471 3124 572 3188 eadem
600 3125 718 3188 licentia
745 3123 832 3186 etiam
859 3123 891 3188 in
912 3127 1080 3188 tetrametro
1102 3123 1268 3188 catalectico
1289 3118 1333 3184 usi
1352 3115 1414 3190 sunt,

175 3233 177 3240 ’
273 3211 332 3276 vid.
354 3229 428 3294 qnae
449 3231 538 3296 snpra
560 3209 636 3272 dicta
658 3215 726 3274 sunt
746 3201 873 3272 Liuor.
897 3230 921 3272 c.
935 3209 964 3272 1.
998 3208 1166 3294 Sequuntur
1187 3204 1262 3296 apud
1280 3203 1414 3292 Epilycuu

272 3296 330 3360 (luo
351 3305 456 3358 versus
478 3293 643 3376 acatalerfi,
673 3313 745 3379 quos
772 3297 876 3357 surmus
901 3294 1103 3380 paroemiacns
1124 3294 1245 3382 excipit:
1275 3289 1331 3354 nisi
1353 3285 1415 3350 forte

272 3379 431 3470 legendum
454 3387 512 3442 est:
685 3459 687 3464 Ι

358 3461 498 3546 Βάρακος
520 3463 625 3526 πολλοὶ
648 3461 755 3546 κάρτοι

358 3551 424 3613 Καὶ
447 3543 548 3628 δεσμός
569 3571 614 3622 τις
633 3545 718 3627 μάλα
740 3549 771 3608 Γ
768 3539 853 3621 σδάς.

275 3654 338 3717 sive
360 3657 391 3716 tu
412 3649 497 3716 malis
520 3648 607 3714 etiam
627 3665 788 3735 pronomen
808 3645 880 3710 illuu
902 3647 947 3720 τίς
969 3645 1110 3726 abiicere3
1139 3647 1264 3712 arbitror
1282 3640 1354 3706 enlm
1372 3634 1415 3698 hos

274 3759 335 3802 non
362 3735 502 3823 vulgares
530 3755 597 3798 esse
624 3739 815 3820 anapaestos,
842 3731 895 3796 sed
922 3751 993 3816 quos
1013 3737 1145 3796 doricae
1171 3729 1315 3820 appellare
1340 3719 1414 3796 soleo,

276 3822 313 3888 de
334 3841 454 3908 quorum
475 3819 589 3884 ratione
611 3825 641 3881 et
662 3824 767 3880 natura
789 3815 863 3880 alias
886 3815 1049 3882 accuratius
1072 3817 1223 3882 disseram.
1264 3812 1324 3878 lan
1342 3819 1415 3870 uersu

275 3907 369 3996 primo
391 3905 496 3993 scripsi
518 3900 633 3966 ποινάν
654 3898 755 3965 κοπίδ’
780 3903 835 3964 alat
856 3906 972 3980 σῶμαι,
995 3901 1110 3967 colmes
1130 3899 1260 3980 variant,
1280 3893 1309 3960 Α
1328 3880 1414 3954 κοπίδ’

277 3985 438 4071 οίαίσομαι,
463 3988 486 4052 Β
509 3983 746 4074 κοπιὸιοίσομοι,
772 3983 799 4048 Ρ
821 3982 1079 4065 κοπιδοιοίσιομαι.
1113 3987 1231 4086 propius
1245 3981 1300 4046 ›ille
1320 3972 1415 4071 qulltlfl

277 4095 386 4140 arere
414 4075 510 4138 abest:
538 4072 711 4155 omninoque
737 4069 913 4135 Dindorfins
939 4071 1056 4158 saepius
1083 4072 1192 4136 iniuria
1218 4068 1300 4134 huius
1326 4057 1415 4152 coduqs

182 4235 185 4244 1
276 4160 416 4226 lectiones
444 4157 564 4246 sprevit.
612 4159 676 4222 oze
703 4175 824 4242 ρεστορε
857 4162 886 4220 et
910 4155 1064 4220 Laconum
1094 4154 1225 4219 sermoni
1257 4158 1285 4215 et
1312 4148 1415 4229 ingene

278 4245 429 4310 convenite
452 4265 520 4306 nam
543 4243 625 4305 utin
646 4240 843 4304 Doriensibus
864 4245 910 4304 est
929 4240 1062 4327 ingenua
1082 4240 1270 4390 simplicitas,
1289 4235 1332 4296 ita·
1347 4241 1415 4325 auum

277 4331 383 4414 ubique
404 4328 557 4407 iudicium,
584 4347 666 4390 suam
694 4325 868 4390 sententiam
895 4325 1083 4412 interponere
1109 4333 1224 4389 soant:
1250 4323 1340 4402 itaque
1356 4300 1415 4405 qul

279 4415 333 4478 οἰῶ
361 4413 436 4479 satis
456 4432 507 4476 ure
534 4411 633 4476 tritum
655 4415 684 4474 et
710 4409 846 4479 usitatum
872 4408 929 4476 fuit
948 4407 1209 4508 Lacedaemoniis,
1235 4422 1320 4490 qnare
1343 4401 1416 4460 enan
