3042 5070
30 72 59 790 η

274 297 318 368 32
536 345 543 358 .
660 293 1063 367 commonnmonns

275 489 338 548 σιν,
369 461 602 552 χαλεπανοόμίν
627 486 660 528 τε
686 466 736 528 καλ
756 463 852 549 χορόν
876 463 912 532 οὗ
934 463 1081 550 διόσομεν.
1125 467 1365 540 Consentaneum
1386 475 1445 562 igi

274 562 323 619 tur
348 562 394 618 est
420 552 610 638 magistratus
638 551 755 614 veniam
783 551 902 616 fabulae
935 553 1084 620 docendae
1112 553 1246 638 dedisse,
1289 561 1445 660 praecipue

275 660 339 704 cum
361 639 399 702 ad
420 636 568 702 archontis
590 641 762 723 potestatem
784 637 879 700 omnis
902 659 972 702 cura
990 639 1093 714 harum
1114 643 1315 707 rerumfuerrt
1337 645 1446 727 deluto,

273 724 415 788 itactiam
432 723 544 786 iudices
565 721 597 783 in
619 719 826 784 certaminibus
848 723 968 787 musicis
990 725 1143 790 sortitione
1165 727 1299 792 instituta
1321 729 1445 817 delegit,

273 808 333 874 vid.
360 807 512 871 Plutarch.
539 806 590 869 vit.
619 801 735 870 Cimon.
763 827 787 869 c.
814 805 860 870 8.:
903 803 1040 891 Πρῶτην
1066 808 1124 893 γάρ
1158 812 1361 877 διδασκαλίαν
1388 821 1445 878 τοῦ

272 891 468 978 Σοφοκλέους
488 889 532 956 ίτι
553 889 623 953 νίου
649 888 799 966 καθέντος
814 887 971 976 Ἀφεψίων
992 889 1008 957 ὅ
1031 890 1147 976 ἀρχων,
1184 900 1368 982 φιλονεικίας
1390 898 1447 964 σό-

272 1003 329 1084 ηης
349 980 400 1040 καὶ
422 971 620 1064 παρατάξεως
645 979 707 1038 τῶν
733 979 869 1070 θεατῶν,
913 977 1019 1064 κριτάς
1043 980 1100 1060 μὲν
1127 978 1183 1044 οὐκ
1208 979 1359 1070 ἐκλήρωσε
1387 991 1445 1050 τοῦ

269 1087 291 1128 α
310 1087 395 1136 ωνος.
1191 1091 1195 1101 ·

291 1088 309 1148 l
354 1146 453 1231 Atque
479 1145 512 1208 in
540 1143 664 1208 eundem
692 1145 861 1209 archontem
890 1147 1024 1232 graviter
1049 1147 1200 1214 invehitur
1222 1151 1363 1218 Cratinus
1385 1155 1446 1220 alio

271 1231 335 1297 loco
357 1231 487 1295 eiusdem
509 1229 643 1310 fabulae,
677 1249 761 1314 quem
789 1233 920 1296 servavit
940 1231 1114 1298 Athenaeus
1135 1235 1218 1304 XIV.
1240 1259 1269 1326 p.
1290 1239 1364 1305 638.
1386 1239 1445 1306 D.:

266 1313 305 1382 ‘O
332 1317 365 1380 δὲ
391 1314 463 1399 νοός
490 1317 532 1390 εἰς
558 1315 715 1395 Χιωνίδην
745 1312 993 1398 ἀναφερομένους
1024 1316 1155 1400 ποιήσας
1181 1322 1335 1403 Πτωχοὺς
1353 1326 1445 1407 ΙΓνη-

270 1403 389 1510 σίππου,
410 1398 491 1476 τινός
518 1395 698 1483 μνημονεύει
726 1397 972 1488 παιγνιαγράφου
999 1408 1054 1486 τῆς
1081 1405 1190 1488 ίλαρής
1215 1403 1350 1492 μούσης,
1393 1412 1445 1476 λί-

288 1511 330 1552 ων
352 1505 465 1560 ουτως·

268 1513 287 1574 l
357 1567 457 1634 Ταῦτ’
483 1567 519 1632 οὗ
540 1566 587 1649 μά
607 1567 672 1632 Δία
693 1563 886 1651 Γνήσιππος,
915 1568 988 1635 οὐδὲ
1009 1573 1186 1657 Κλεομένης
1196 1577 1225 1660 ⁰)

350 1655 403 1720 Ἐν
425 1653 499 1720 ἐννέ’
524 1651 561 1716 ἀν
579 1655 709 1736 χορδαῖς
730 1653 991 1739 κατιγλυκάνατοτ

270 1743 321 1808 καὶ
343 1739 359 1805 ὁ
382 1740 455 1816 τοὺς
476 1740 614 1814 Εἵλωτας
637 1739 670 1802 δὲ
691 1739 863 1822 πεποιηκώς
884 1764 977 1826 φησι·

357 1826 407 1890 Τά
437 1821 630 1910 Στησιχόρου
667 1847 699 1930 τε
716 1827 788 1972 ’ὃκαὶ
825 1823 995 1910 Ἀλκμᾶνος
1025 1828 1201 1909 Σιμωνίδου
1240 1829 1272 1895 τ’
1313 1829 1442 1920 ἀρχαῖον

674 1933 719 1972 αει
741 1931 799 1972 ειν·

348 1991 386 2060 ‘O
408 1994 441 2058 δὲ
462 1997 493 2058 Γ
491 1988 639 2076 νήσιππός
660 1995 742 2057 ἔστιν
763 1992 900 2058 ἀκοόειν·

354 2083 465 2154 Κεῖνος
485 2077 632 2161 νυκτερίν’
657 2067 725 2161 εὗρε
750 2090 868 2162 μοιχοῖς
890 2078 1032 2161 ἀείσματ’
1056 2082 1253 2148 ἐκκαλεῖσθαι

351 2168 383 2229 Γ
381 2174 506 2239 υναῖκας
527 2161 651 2244 ἴχοντας
673 2161 827 2248 ἴαμβόκην
848 2189 880 2229 τε
901 2169 951 2228 καὶ
973 2167 1181 2255 τρίγωνον.“)

266 2255 422 2339 Κρατῖνος
443 2251 475 2313 ἓν
499 2252 707 2324 Μαλθακοῖς·

355 2338 412 2410 Τίς
433 2331 485 2422 ἀρ’
510 2330 609 2416 ίρωτά
630 2332 665 2413 μ’
692 2329 788 2410 οἶδεν,
810 2324 835 2397 ῶ
856 2336 887 2396 Γ
884 2329 1026 2418 νήσιττπ’,·
1055 2335 1114 2419 ἐγώ
1136 2343 1235 2426 πολλῇ
1254 2344 1348 2428 χολή.

356 2420 470 2502 Οίομαι
490 2417 549 2504 γὰρ
570 2418 668 2501 μηδὲν
690 2415 786 2493 οὕτως
805 2419 911 2501 μωρόν
931 2416 1005 2483 εἶναι
1027 2424 1078 2484 καί
1100 2421 1194 2487 κενόν.

266 2502 405 2572 Σκῶπτει
427 2506 461 2568 δὲ
483 2503 577 2567 αὐτὸν
599 2506 641 2578 είς
661 2501 700 2568 τά
722 2501 879 2584 ποιήματα
901 2507 951 2568 καί
974 2507 1006 2569 ἓν
1026 2504 1212 2585 Βουκόλοις·

343 2589 401 2667 Ὃς
423 2589 479 2654 οὐκ
500 2586 590 2652 ἔδωκ’
615 2590 750 2654 αἰτοῦντι
772 2591 938 2674 Σοφοκλέει
957 2588 1061 2677 χορόν,

351 2681 407 2762 Tei
429 2671 603 2760 Κλεομάχῳ
625 2672 670 2757 δ’,
697 2673 732 2738 ὃν
753 2673 809 2738 οὐκ
830 2673 868 2738 ἀν
889 2674 993 2756 ἠξίουν
1005 2675 1072 2762 dyo)

345 2759 432 2842 Ἐμοὶ
455 2755 608 2824 διδάσκειν
629 2757 697 2823 οόδ’
722 2757 760 2824 ἀν
781 2763 822 2836 εἰς
837 2757 978 2826 Ἀδώνια.

261 2846 313 2911 Ἐν
334 2847 368 2912 δὲ
387 2854 456 2922 ταῖς
469 2842 597 2928 Ὥραις·

654 2925 726 2994 ’Ὶτω
748 2929 781 2994 δί
801 2930 852 2994 καὶ
874 2931 1048 3017 τραγῳδίας

341 3012 382 3080 ‘O
403 3009 584 3096 Κλεόμαχος
606 3011 807 3092 διδάσκαλος,
830 3021 1058 3100 παρατιλτριῶν

339 3098 439 3247 ’ἔχων
456 3098 551 3207 χορὸν
571 3101 709 3165 Λυδιστὶ
730 3105 898 3165 τιλλουσῶν
918 3101 996 3184 μίλη

382 3210 397 3248 ο
457 3210 488 3249 α.

264 3274 298 3335 Τ
294 3210 466 3354 ηλεκλείάηρς
493 3268 525 3334 δ’
555 3271 588 3334 ἓν
614 3277 679 3345 τοῖς
699 3271 845 3354 Στερροῖς
865 3271 915 3332 καὶ
939 3271 1005 3354 περί
1026 3268 1163 3352 μοιχείας
1184 3268 1439 3356 ἀναστρέφεσθαί

262 3379 357 3444 φησιν
379 3351 482 3419 αὐτόν.
525 3355 612 3420 Haec
633 3357 731 3419 omnia
752 3361 838 3418 erant
858 3353 1068 3437 adscribenda,
1104 3376 1159 3441 quo
1181 3357 1284 3421 melius
1306 3357 1435 3446 perspici
1498 3357 1499 3381 ¹

260 3441 371 3533 possit,
407 3439 444 3506 de
475 3461 531 3528 qno
553 3447 669 3529 agatur.
714 3438 895 3529 Gnesippnm
915 3440 1008 3522 enim,
1036 3441 1178 3507 lascivum
1200 3441 1343 3526 quendam
1364 3464 1435 3532 poe·

328 3749 356 3819 ⁸)
392 3747 485 3802 Delevi
519 3747 659 3801 articulum
689 3749 751 3798 ante
779 3763 877 3800 nomen
901 3745 1069 3802 Cleomenis:
1103 3749 1229 3802 eundem·
1243 3752 1432 3802 commemorat

258 3817 395 3890 Epicrates
412 3817 440 3869 in
457 3816 590 3868 Antilaide
613 3832 655 3885 ap.
673 3813 770 3868 Athen.
787 3817 858 3869 XIV.
876 3834 902 3885 p.
921 3814 980 3869 605.
999 3817 1049 3870 D.:

397 3879 534 3953 Τάρωτίκ’
556 3880 739 3953 ἐκμεμάθηκα
757 3883 840 3934 ταῦτα
857 3884 1005 3948 παντελῶς,

393 3951 544 4020 Σαπφοῦς,
562 3943 707 4016 Μελήτου,
724 3951 914 4020 Κλεομένους,
931 3953 1113 4020 Λαμυνθίου.

257 4025 321 4078 Non
337 4021 455 4075 diversus
471 4021 575 4074 videtur
591 4037 608 4072 a
622 4020 764 4073 Cleomene
781 4019 902 4086 Rhegino
921 4020 1144 4085 dithyramborum
1159 4021 1248 4088 poeta,
1265 4035 1344 4088 quem
1356 4035 1432 4072 com-

257 4095 386 4143 memorat
407 4088 504 4141 Athen.
529 4089 576 4141 lx.
601 4107 629 4158 p.
652 4085 713 4142 402
737 4089 783 4142 A.:
827 4080 920 4140 Πάλαι
942 4084 997 4159 γὰρ
1021 4080 1149 4156 τυγχάνω
1172 4082 1338 4154 ἀνεγνωκὼς
1366 4083 1432 4146 τοὺς

256 4158 433 4276 Κλεομῖνοφς
449 4157 497 4208 τοῦ
510 4151 638 4225 Ῥηγίνου
655 4153 853 4228 διθυράμβους,
872 4143 912 4208 ῶν
929 4154 961 4208 ἐν
977 4155 1016 4222 τῴ
1031 4148 1429 4226 ἐπιγραφομένῳ,Μελεάγρῳ

257 4242 335 4278 τουτο
366 4239 505 4294 σιορηται.

325 4326 366 4394 ”l
403 4328 477 4382 Haec
494 4341 599 4396 quoquc
616 4326 680 4382 satis
697 4331 823 4395 corrupte
837 4328 917 4392 longe
933 4323 1010 4378 aliter
1026 4323 1210 4378 constituenda
1226 4328 1317 4392 erant,
1346 4339 1431 4394 qnam

253 4397 333 4464 vulgo
350 4397 462 4467 factum
477 4397 523 4451 ced
540 4397 573 4450 de
588 4393 631 4450 lm
648 4395 713 4450 aliae
729 4397 816 4465 plura.
