3096 5062
117 3191 122 3202 ,
253 3134 358 3210 Laert
379 3133 404 3196 l.
422 3131 477 3212 62,
497 3131 547 3196 ubi
569 3130 605 3195 de

265 321 334 394 24⁰
650 327 1058 400 commemorns

268 495 484 586 „Pythrguras
506 491 618 562 seillam
640 495 672 560 iu
700 495 802 562 limine
828 497 940 586 quoque
967 499 1074 566 ianuae
1101 510 1274 590 suspensam
1298 503 1439 575 malorum

268 583 543 648 medicamentorum
565 581 715 646 introitum
756 583 849 648 ellere
870 583 991 649 tradit.“
1033 585 1113 651 Huic
1133 593 1230 652 autem
1251 599 1383 657 mortuos
1404 598 1439 658 ah

244 707 250 720 ·
268 667 382 732 inferos
404 665 547 732 evocandi
567 666 625 732 arti
645 675 712 755 post
727 603 923 756 Aythagnrne
944 676 1069 746 aetatem
1089 671 1189 760 plures
1211 693 1330 774 operam
1353 677 1439 744 dedc-

267 761 353 834 ruut,
388 751 486 837 itaque
516 751 619 816 comici
644 771 758 837 quoque
811 761 895 818 cetae
922 773 974 820 sae
994 754 1041 819 ius
1072 755 1129 820 hac
1160 777 1259 844 specle
1288 759 1336 824 usi
1362 773 1437 845 sunt„

269 838 312 902 uti
331 837 456 924 Eupolis
476 856 590 921 quoque
610 837 642 899 in
663 835 760 925 Pagis
801 837 934 918 alonem,
986 841 1030 904 'os
1049 861 1088 904 ex
1105 841 1183 905 Orco
1202 843 1355 910 suscitavi,

341 921 404 994 ‚Ad
426 922 503 986 hanc
522 928 620 986 autem
637 922 800 986 animorum
817 923 1016 988 evocationem
1030 923 1109 989 aliud
1131 925 1218 990 etiam
1239 927 1256 991 l
1341 939 1434 998 emtum

267 1007 419 1097 pertinere
440 1006 574 1087 violetur,
600 1005 677 1092 quod
703 1006 815 1094 legitur
836 1008 913 1097 apud
933 1007 1086 1074 Pollucem
1108 1008 1161 1078 vl.
1182 1012 1239 1078 98:
1307 1015 1337 1076 ul
1359 1013 1432 1082 aaa.

267 1098 381 1176 μινθος
407 1091 442 1156 δέ
468 1087 615 1175 ποτήριον
641 1088 681 1154 δν
709 1091 771 1174 εἴη,
805 1087 847 1167 ὡς
867 1089 1006 1179 Ὅμηρός
1036 1117 1069 1158 τε
1095 1090 1219 1178 μηνίει,
1253 1097 1429 1184 Τηίαμδχαν

267 1175 407 1252 διδόντος
427 1176 573 1262 Μενιλίῳ
594 1170 645 1239 dui'
669 1172 883 1257 ἀσαμίνθων
904 1180 956 1242 καί
977 1181 1132 1265 Κρατῖνος
1154 1181 1187 1246 ἓν
1207 1183 1365 1268 Χείροσιν·

350 1261 409 1338 Ἐξ
430 1259 607 1342 ἀσαμίνθου
629 1257 750 1338 κδλικος
771 1263 891 1342 λείβων.

266 1347 393 1414 Homeri
426 1345 508 1412 locus
542 1352 589 1410 est
622 1344 668 1410 Od
691 1367 733 1411 ss.
765 1345 818 1415 IV.
847 1347 927 1429 128,
969 1347 1023 1413 ned
1056 1369 1121 1414 cum
1153 1345 1329 1430 ἀσάμινθος
1360 1357 1432 1444 apud

266 1433 428 1499 Homerum
451 1431 558 1516 ubique
579 1363 729 1516 signilllcet
749 1431 882 1514 labrum,
903 1432 935 1497 id
955 1440 1024 1521 puto
1046 1433 1134 1499 etiam
1154 1435 1188 1498 in
1208 1435 1295 1502 istum
1317 1459 1434 1508 versum

266 1519 388 1600 cadere,
416 1515 590 1606 praesertim
611 1535 676 1602 cum
702 1516 817 1602 reliqua
838 1517 932 1599 dona,
959 1538 1033 1604 quae
1060 1529 1338 1605 commemorantur,
1367 1547 1433 1590 con·

191 1646 194 1653 ·
266 1610 377 1692 gruarm
404 1623 469 1666 cum
495 1602 551 1665 hac
582 1622 621 1664 ex
641 1600 794 1683 licatione,
822 1623 890 1666 nam
919 1602 1078 1668 ahenorum
1106 1624 1219 1690 quoque
1247 1628 1316 1671 uuus
1337 1609 1371 1673 iu
1392 1610 1434 1675 la·

266 1688 378 1769 vando,
404 1687 464 1752 vid.
493 1685 537 1750 (ld
562 1707 603 1750 ss.
660 1687 762 1750 .3cl.
805 1685 945 1752 Ceterum
971 1686 1090 1770 Cratini
1120 1691 1262 1755 memoria
1291 1695 1435 1782 repetitur

265 1773 343 1862 apud
364 1772 517 1836 Pollucem
575 1770 661 1836 .li⁴l:
695 1771 764 1834 Καί
785 1796 833 1836 τοι
860 1769 892 1834 ἓν
913 1796 945 1856 γε
970 1782 1035 1849 τοῖς
1055 1775 1212 1858 Κρατίνου
1232 1773 1352 1860 Ἥρωσι
1378 1779 1434 1863 τὴν

264 1855 441 1957 ἀσάμινθον
454 1853 584 1956 κιβωαὸν
600 1860 730 1956 sociatu,
752 1854 825 1922 ἕνισι
846 1856 880 1920 δὲ
900 1854 1038 1939 ’ἔκπωμα
1062 1859 1247 1958 ubiscrihas
1260 1864 1432 1942 Χείρωσινι

262 1941 1432 2111 lsaltlttlmltttlhtllltalithldlmlitiltltlt:

262 2139 315 2190 κυς
327 2119 423 2178 autem
438 2113 481 2178 ita
499 2112 678 2192 dictumest,
695 2118 727 2174 ut
745 2112 822 2200 apud
833 2112 1037 2199 Phrynichum
1054 2113 1086 2178 in
1097 2113 1243 2180 Poashiis
1258 2139 1305 2206 ap.
1318 2117 1430 2186 Athen.

260 2199 300 2264 X.
312 2220 341 2287 p.
352 2196 416 2262 424
428 2195 470 2262 C:
494 2192 600 2259 Kdlnx'
615 2193 789 2278 ἀρύστιχον.
805 2203 835 2260 et
846 2197 922 2286 apud
935 2196 1166 2288 Aristophanem
1180 2201 1212 2264 im
1221 2201 1303 2268 Pace
1317 2205 1429 2272 vasu

349 2278 462 2362 (δήσεις
482 2279 531 2364 γ’,
554 2279 675 2344 ἐπειδὰν
696 2282 800 2362 ἐκπίης
820 2282 889 2344 νέου
914 2279 1053 2346 κύλικα
1076 2283 1278 2368 λεπαστήν.

176 2445 180 2454 ⁸
259 2365 313 2432 Sic
340 2366 417 2431 enim
446 2365 497 2429 ille
524 2385 630 2430 versus
657 2343 774 2429 videtui
799 2367 999 2432 restituendus
1021 2387 1106 2434 esse:
1132 2370 1224 2458 vulgo
1253 2371 1337 2438 οἴνου
1359 2372 1428 2438 νίου

259 2449 414 2534 λεπαστὴν
440 2449 567 2538 legitur,
600 2449 653 2514 sed
680 2449 854 2515 Athenaeus
881 2450 935 2516 XI.
956 2473 985 2542 p.
1006 2449 1070 2520 485
1091 2453 1136 2537 A,
1180 2456 1231 2522 uhi
1257 2457 1313 2522 hoc
1338 2480 1427 2524 versu

259 2537 366 2619 utitur,
394 2535 477 2599 ol'vou
504 2532 612 2599 nullasu
639 2533 793 2617 λεπαστὴν
818 2535 954 2618 exhibet,
982 2537 1087 2627 scripsi
1115 2540 1208 2626 igitur
1229 2540 1298 2606 νίου
1319 2539 1427 2608 κύλικα

258 2617 419 2704 mouendo.
463 2619 505 2684 Et
534 2620 610 2709 apud
637 2619 861 2710 Theopompum
888 2621 920 2685 in
946 2621 1037 2688 Medo
1066 2623 1158 2714 (apud
1182 2626 1295 2694 Athen.
1321 2627 1376 2696 XL
1397 2651 1425 2719 p.

254 2705 393 2820 48⁵0)
415 2706 621 2794 corrigendum
644 2727 768 2770 censeo:
952 2757 962 2784 .

344 2794 419 2857 Οιον
440 2790 470 2854 δ’
505 2789 530 2814 ”
553 2786 665 2873 κήλησε
685 2792 783 2872 δίμας
803 2789 912 2856 λεπτὸν
927 2786 1150 2873 Ῥαδάμανθυν

339 2874 545 2960 Λύσανδρον,
568 2873 727 2940 κώθωνα
749 2879 820 2960 πρὶν
842 2875 928 2962 αὐτῷ
950 2878 1027 2941 δῶκε
1049 2873 1249 2961 λεπαστήν.

339 2961 442 3028 Sacris
463 2969 560 3026 autem
581 2972 611 3025 et
630 2961 852 3028 lustrationibus
872 2962 933 3026 illis
954 2963 1012 3028 rite
1031 2963 1170 3052 perlectis
1192 2963 1287 3030 Solon
1307 2965 1424 3032 ridetur

219 3109 223 3116 .
254 3049 291 3115 ah
312 3047 420 3112 inferis
442 3045 615 3112 advenisse:
627 3067 775 3195 prorsum
796 3053 929 3136 spectant
950 3047 1007 3112 duo
1027 3069 1150 3131 renunc,
1171 3069 1243 3135 quos
1265 3049 1424 3137 Diogenes

652 3132 748 3196 olonis
770 3140 863 3197 morte
885 3132 1015 3214 disserit,
1036 3133 1206 3222 adscripsit:
1224 3133 1422 3219 Ἐτελεύτησε

252 3216 284 3282 δ’
309 3219 341 3282 ἐν
362 3213 483 3305 Krinpqo
503 3213 594 3297 βιοὺς
615 3214 667 3299 ἴση
688 3213 889 3299 ὀγδοήκοντα,
918 3222 1029 3282 τοῦτον
1048 3217 1222 3302 ἐπισκήψας
1247 3227 1312 3296 τοῖς
1332 3223 1423 3298 ἰδίοις

251 3302 306 3369 adv
324 3299 454 3388 τρόπον,
497 3299 683 3382 ἀποκομίσαι
695 3300 801 3368 ἀὐτοῦ
823 3301 862 3366 τὰ
883 3299 960 3368 danic
981 3305 1023 3380 εἰς
1043 3305 1207 3384 Σαλαμῖνα
1228 3308 1279 3370 καί
1300 3303 1424 3392 τεφρώ-

252 3411 366 3464 σαντας
386 3389 429 3463 εἰς
449 3385 506 3471 τὴν
523 3384 630 3471 χώραν
650 3396 780 3472 σπεῖραι.
803 3384 878 3453 ὅθεν
898 3391 949 3453 καί
970 3389 1179 3475 specuum
1199 3399 1264 3467 τσΐς
1282 3393 1423 3479 Χείρωσί

116 3547 117 3554 q
249 3497 344 3564 φησιν
366 3470 736 3556 altisonantiam·

340 3561 424 3624 Οῑκῶ
446 3557 479 3624 dd
500 3563 608 3639 νῆσον,
630 3554 672 3634 ὡς
691 3557 748 3638 μὲν
767 3552 942 3640 ἀνθρώπων
961 3553 1060 3642 λόγος,

328 3643 538 3728 'sennensem
558 3639 637 3706 κατὰ
659 3648 761 3708 πᾶσαν
781 3642 919 3720 Αἴαντος
939 3638 1038 3712 πόλιν.

248 3730 343 3800 Sclon
370 3730 448 3795 euim
476 3750 515 3793 ex
542 3727 620 3794 Orco
646 3731 822 3810 arcessitus,
849 3729 900 3794 ubi
927 3729 1060 3832 sepultus
1086 3729 1141 3811 sit,
1166 3729 1320 3818 explanat:
1350 3751 1418 3796 cum

249 3819 326 3884 enim
346 3816 405 3905 ipsi
427 3814 629 3880 Athenienses
650 3835 710 3878 non
731 3815 805 3878 satin
827 3821 908 3882 certo
928 3815 1053 3882 scivisse
1073 3813 1244 3896 videantur,
1272 3837 1328 3900 quo
1350 3815 1418 3881 loco

248 3903 363 3992 sepulta
387 3901 449 3966 sint
474 3898 595 3965 Solonis
621 3919 709 3981 ossa,
739 3908 827 3988 poeta
852 3899 894 3964 ita
922 3899 1064 3982 instituit,
1091 3907 1124 3964 ut
1149 3919 1190 3964 ex
1216 3901 1282 3988 ipso
1303 3899 1419 3966 Solone

247 3991 452 4072 quaereretur,
494 3985 545 4050 nli
567 3993 648 4050 esset
667 3984 818 4066 humatus,
840 3985 1032 4070 quoniamque
1051 3983 1104 4049 ille
1123 3985 1156 4048 iu
1176 3985 1266 4050 nehus
1288 3983 1420 4053 Salami-

245 4073 305 4138 niis
333 4073 461 4137 maxime
486 4069 612 4158 egregie
638 4069 676 4134 de
701 4071 798 4158 patria
823 4077 888 4134 erat
912 4070 1050 4151 meritus,
1076 4070 1157 4134 fama
1181 4069 1240 4136 istu
1261 4091 1334 4136 usus
1356 4078 1417 4151 est,

243 4155 366 4223 Solonis
388 4158 502 4222 cinerea
524 4177 578 4244 per
604 4174 719 4219 omnem
744 4153 872 4222 insulam
893 4153 1046 4220 Salamiua
1071 4173 1140 4219 esse
1161 4153 1328 4244 dispersos,
1354 4175 1416 4242 quo

243 4242 427 4332 significaret
446 4240 529 4306 illum
544 4238 592 4304 rel
613 4245 756 4304 mortuum
767 4232 948 4306 Salaminem
967 4239 1048 4304 omni
1061 4255 1133 4304 cura
1146 4239 1414 4328 comprehendere:

243 4329 378 4418 antipae
400 4323 540 4392 Cratinus
561 4325 672 4414 priurus
695 4324 781 4390 huius
800 4324 928 4392 muueris
949 4323 1007 4390 luit
1027 4330 1139 4408 auctor,
1179 4345 1332 4410 numnam
1353 4325 1415 4392 hoe

242 4413 356 4500 quidem
384 4412 480 4478 miuus
507 4409 645 4478 mevenit
680 4431 745 4477 cum
771 4409 843 4503 ‘llis‘
860 4408 978 4494 vernis,
1013 4429 1088 4497 quae
1114 4345 1328 4500 addtpoeta,
1366 4407 1429 4488 ὥς·
