3018 5064
317 349 376 416 DE
396 346 540 424 RELIQ.
563 345 751 415 COMOED.
774 345 882 416 ΑΤΤ.
903 345 1049 425 ANTIQ.
1223 351 1264 420 ol

90 520 227 588 Acharn.
249 535 278 584 ν.
298 519 372 585 670.
393 525 424 583 et
442 515 536 608 Vesp.
548 507 630 584 'lla
650 537 689 581 ne
709 535 746 580 ue
766 515 884 602 qnando
905 515 1052 604 vixerint,
1079 539 1175 604 noque
1196 541 1266 608 qna-

90 607 136 672 les
158 603 273 670 fuerint
291 605 494 704 cognovimus.
535 601 598 668 lam
619 601 669 668 hic
690 537 886 688 hiacyntum
912 623 951 666 ne
978 603 1011 668 in
1032 612 1183 670 senectute
1204 608 1267 694 qni·

89 692 158 756 dom
188 696 255 753 tran
275 689 399 752 uilhtate
419 709 491 752 usus
513 693 572 751 est:
607 707 675 750 nam
700 707 805 750 rursus
830 687 948 751 videtur
968 685 1001 752 in
1021 689 1160 754 iudicium
1180 713 1269 757 voca·

89 783 139 840 tus
161 797 180 838 a
202 709 407 862 Capiluisodoro
429 771 553 860 quodam
581 791 641 836 non
669 771 759 835 multo
781 775 850 836 ante
871 771 990 860 Olymp.
1010 773 1215 844 LXXXVIII.
1236 779 1267 845 3.

87 859 311 961 Aristophanes
344 859 422 922 enim
454 859 487 922 in
517 855 763 942 Acharnensibus
788 877 818 920 v.
845 858 919 922 7⁰3.
946 877 1007 922 non
1033 859 1152 932 videtur
1178 863 1267 929 alium

88 968 177 1032 quom
194 943 378 1032 intelligere,
400 964 485 1028 quern
507 961 571 1006 cum
592 939 722 1006 Melesia
748 942 973 1030 comparaverit,
1005 945 1058 1010 sed
1075 945 1268 1033 ipsiusTho·

88 1029 207 1118 cydidis
235 1028 431 1092 calamitatem
452 1025 621 1114 deplorare:
1100 1037 1111 1054 ·

179 1117 235 1199 Τῷ
256 1111 316 1198 γὰρ
340 1111 418 1186 είκδς
439 1108 538 1196 όίνδρα
559 1107 673 1197 κυφόν,
697 1105 802 1191 ἡλίκον
826 1110 1030 1197 Θουκυδίδην,

171 1197 356 1274 Ἐξολέσδαι
377 1195 594 1277 συμπλακέντα
614 1200 652 1276 τῆ
674 1197 809 1258 Σκυθῶν
830 1197 951 1286 ἐρημίη,

179 1283 270 1347 Τῶδε
291 1287 335 1369 τῷ
357 1277 591 1367 Κηφισοδήμῳ,
617 1279 661 1368 τῷ
683 1277 755 1344 tat,
789 1276 963 1366 ξυνηγόρω,·

170 1347 262 1434 Ὧδέ
286 1364 344 1452 ἐγὼ
364 1366 421 1448 μέν
441 1365 557 1449 ἠλέησα
578 1303 817 1450 κάπεμορξόίιην
838 1348 936 1430 ίδδινι

169 1451 301 1539 ’Ἄνδρα
322 1447 498 1536 πρεσβύτην
518 1443 574 1513 ὑπ’
599 1449 712 1535 ἀνδρὸς
732 1447 859 1525 τοξότου
881 1447 1063 1534 κυκώμενον,

169 1535 229 1614 Ὃς
248 1537 294 1618 μὰ
314 1536 370 1619 τὴν
390 1532 552 1620 Δήμητρ’,
582 1535 692 1610 ἐκεῖνος
712 1530 791 1618 ἡνίκ’
815 1527 853 1619 ἦν
876 1537 1078 1624 Θουκυδίδης,

183 1623 263 1686 Οὐδ’
287 1619 325 1685 ἂν
346 1619 443 1702 αὐτὴν
463 1620 519 1704 τὴν
535 1619 677 1703 Ἀχαίαν
698 1617 812 1710 ῥηιδίως
832 1618 970 1704 ἠνέσχετ’
994 1622 1041 1702 tv,

173 1705 282 1772 Ἀλλὰ
303 1705 523 1770 κατεπάλαισεν
544 1703 583 1768 όν
602 1705 659 1786 μέν
677 1713 801 1791 πρῶτον
822 1703 989 1785 Εὐόδλους
1010 1709 1094 1790 δέκα,

178 1787 360 1874 Κατεβόησε
383 1795 401 1856 δ
408 1792 419 1818 ²
444 1789 482 1854 δν
503 1791 656 1877 κεκραγιδς
676 1789 806 1867 τοξότας
826 1795 1020 1876 τρισχιλίους,

177 1873 413 1963 Περιετόξευσεν
435 1876 467 1941 δ’
491 1873 529 1940 δν
551 1875 726 1940 αὐτοῦτοῦ
748 1874 865 1960 πατρὸς
884 1875 958 1952 τοδς
978 1881 1135 1962 ξυγγενεῖς.

91 1965 170 2030 Nam
191 1962 244 2026 illa
264 1963 358 2026 verba
379 1963 489 2038 ἐκεῖνος
509 1957 588 2045 ἡνίκ’
613 1952 651 2042 ἦν
675 1961 869 2043 Θουκυδίδης
890 1969 960 2025 sunt
979 1985 1044 2029 cum
1065 1965 1180 2053 insigni
1197 1985 1267 2052 qua-

93 2049 160 2115 dam
183 2047 331 2135 gravitate
353 2046 446 2128 dicta3
469 2046 641 2134 significant
661 2046 740 2110 enim
766 2052 830 2110 ello
852 2062 1010 2126 tempore,
1045 2071 1110 2133 ρυο
1138 2052 1267 2136 ΤΙιιισγ-

93 2139 189 2196 dtdes
200 2157 278 2197 vere
289 2147 367 2196 erar
385 2131 606 2216 Thucydides.
648 2130 732 2198 Idem
753 2131 875 2200 exilium
889 2153 994 2202 rursus
1015 2135 1165 2224 respicere
1184 2137 1267 2202 vide-

92 2226 141 2283 tur
161 2225 249 2307 poeta
269 2217 302 2282 in
323 2217 434 2306 Vespis
455 2239 485 2284 v.
506 2216 585 2284 946:

183 2301 249 2366 Οὐκ
271 2299 345 2366 ἀλλ’
369 2299 463 2367 έκεῖνό
483 2328 538 2384 μοι
560 2303 647 2368 δοκεῖ
664 2301 860 2384 πεπονθέναι,

170 2384 268 2496 Ὅπερ
289 2386 364 2451 ποτέ
385 2385 505 2473 φεόγων
525 2385 624 2454 έπαθε
649 2391 701 2453 καί
726 2389 920 2472 Θουκυδίδης

173 2471 399 2556 Ἀποπληκτος
420 2475 564 2560 ἐξαίφνης
585 2473 699 2558 ἐγένετο
720 2473 776 2552 τὰς
796 2473 942 2561 γνάθους.

94 2579 169 2645 qnae
194 2559 373 2647 interpretes
400 2560 477 2624 male
505 2559 543 2624 ad
576 2561 780 2626 ostracismum
810 2563 960 2626 referunt:
992 2561 1142 2628 commode
1169 2567 1268 2628 tamen

93 2643 255 2711 scholiasta
276 2645 407 2708 servavit
426 2644 578 2709 Idomenei
598 2645 811 2728 testimonium,
833 2667 874 2710 ex
895 2666 951 2730 quo
973 2647 1046 2710 satis
1068 2645 1195 2712 dilucide
1215 2671 1268 2736 ap-

112 2737 193 2810 aret,
226 2729 283 2793 hoc
312 2729 434 2794 exilium
456 2729 604 2794 diversum
626 2752 694 2794 csse
716 2753 734 2795 a
755 2731 869 2820 priore:
907 2731 977 2794 dicit
997 2739 1107 2797 autem:
1144 2727 1212 2797 Ὅτι
1234 2733 1269 2796 δέ

94 2841 110 2880 ο
128 2813 316 2897 Ἀθηναίων
347 2816 446 2896 δῆμος
466 2815 638 2899 ἀειφυγίαν·
653 2813 749 2882 αότοῦ
776 2815 946 2900 καταγνοὺς
971 2817 1117 2898 ἐδήμευσε
1137 2815 1193 2899 τὴν
1213 2816 1269 2882 σό-

93 2901 164 2966 σίαν
185 2903 236 2963 καὶ
258 2895 305 2964 ότι
327 2899 405 2984 πρός
421 2899 635 2984 Ἀρταξέρξην
654 2890 708 2984 ἧκε
730 2899 865 2985 φεύγων,
888 2900 985 2985 σαφές
1007 2895 1269 2982 ποιεῖἿδομενεδς

94 2985 145 3052 διὰ
167 2990 224 3049 τοῦ
244 2980 281 3066 β’
302 2982 357 3047 τὸν
378 2979 493 3068 τρόπον
517 2989 641 3048 τοῦτον·
684 2985 750 3062 „Oi
776 2984 881 3065 μέντοι
899 2985 1073 3067 Ἀθηναῖοι
1098 2983 1194 3049 αὐτοῦ
1216 2990 1268 3049 καὶ

92 3070 201 3155 γένους
222 3068 383 3154 ἀειφυγίαν
404 3069 596 3153 κατέγνωσαν
616 3066 815 3156 προδιδόντος
840 3069 897 3153 τὴν
919 3067 1068 3150 Ἑλλάδα,
1095 3071 1147 3134 καὶ
1169 3069 1267 3134 αὐτοῦ

92 3153 111 3238 ἦ
141 3154 232 3220 οὐσία
257 3149 456 3236 ,ἔδημεόθηέί
506 3155 584 3220 Nam
610 3156 637 3220 is
659 3155 708 3240 qui
728 3161 870 3220 testarum
890 3155 1038 3243 suffragio
1065 3154 1268 3238 damnabatur,

34 3245 35 3252 ’
93 3261 190 3390 uepue
208 3240 391 3389 peppitcrno
413 3237 504 3305 exilio
526 3240 718 3389 molpababrr,
749 3261 788 3306 ne
808 3261 943 3390 nehivero
972 3240 1057 3342 bonis
1086 3240 1267 3342 privabatur.

93 3325 692 3510 {l{llutzttlbalhhthu
717 3346 847 3504 bruil
867 3327 981 3476 illius?
993 3346 1268 3499 ,bituiti

93 3495 239 3578 uoluens,
271 3495 408 3595 confugit
428 3496 467 3560 ad
492 3493 710 3576 Artaxerxem,
741 3496 905 3562 Persarum
925 3517 1039 3583 regem.
1081 3495 1203 3562 Posteri
1222 3504 1268 3562 ta·

92 3603 163 3648 men
175 3579 421 3670 eiosinpatmam
437 3586 506 3644 sunt
514 3581 657 3646 restituti:
678 3601 747 3646 nam
768 3580 805 3646 de
818 3581 878 3645 fibo
900 3579 1030 3658 Melesia
1051 3579 1267 3648 dicetorinfra.

181 3663 244 3731 secl
270 3671 303 3728 ut
323 3685 363 3729 ex
382 3663 430 3728 his
456 3663 612 3749 aliquando
633 3666 822 3730 amfractibus
845 3667 938 3729 oratio
960 3665 998 3730 ad
1017 3667 1198 3754 propositum
1217 3685 1268 3730 re-

92 3757 244 3832 vertatur,
279 3749 391 3816 Thurii
417 3747 469 3812 illo
496 3755 627 3839 temporo
654 3757 745 3821 tutum
766 3751 823 3814 luit
842 3751 1012 3850 perfugium
1032 3751 1184 3836 omnibus,
1216 3750 1267 3837 qni

92 3857 195 3903 rermn
223 3841 274 3900 aut
300 3833 523 3900 domesticarum
552 3842 602 3900 aut
626 3837 807 3924 pubbcarnm
836 3835 1000 3900 calanntate
1028 3835 1126 3920 aliqua
1149 3835 1268 3902 labora-

94 3928 176 3988 rent:
219 3919 355 4008 inprimis
376 3939 449 3984 vero
467 3917 554 4006 ριιιΙεί
573 3916 790 4002 Athenienses,
817 3921 868 4006 qui
888 3920 938 3984 vel
958 3921 1117 4008 potentiam
1136 3919 1266 3986 Periclis

94 4014 126 4076 ct
146 4003 267 4070 nimiam
287 4005 347 4070 iam
366 4004 516 4096 popularis
537 4005 653 4094 imperii
674 4006 822 4072 licentiam
849 4005 1097 4086 extimescebant,
1132 4002 1183 4070 vol
1203 4005 1267 4070 ala·

93 4091 139 4158 cri
165 4087 323 4180 cupiditate
350 4097 380 4156 et
405 4111 458 4192 spe
485 4089 616 4155 melioris
638 4091 812 4156 conditionis
834 4091 1038 4178 agitabantur,
1070 4089 1205 4156 ThurIos
1231 4111 1266 4158 so

93 4175 292 4244 contulerunt.
334 4174 402 4240 Hoc
421 4174 515 4262 lgitnr
534 4174 651 4242 videtur
672 4175 812 4242 Cratinus
832 4174 865 4239 in
885 4175 942 4239 hac
962 4174 1064 4240 fabula
1081 4175 1266 4264 potissimum

94 4284 111 4329 s
132 4261 294 4343 octavisso,
325 4260 404 4326 uncle
424 4261 634 4347 Δραπετίδες,
654 4267 831 4343 firgtttoae
852 4266 1026 4334 mulieres,
1047 4260 1190 4350 inscripta
1210 4268 1266 4328 est.

125 4347 203 4412 nent
215 4351 381 4410 autemnon
393 4343 867 4436 multopostlilymp.LXXXlIl.
879 4343 1265 4415 aauthxxxtvauaca.

94 4433 167 4496 Non
187 4438 286 4496 lamen
313 4430 431 4498 videtu
450 4452 557 4498 revera
577 4431 717 4500 mulieres
739 4429 880 4498 Cratinus
900 4431 934 4496 in
956 4449 1074 4499 scenam
1094 4429 1266 4514 induxisse,
