3004 5048
264 365 328 436 356
573 357 577 362 ’
649 349 1061 428 'COMMENTATIONES

263 530 370 683 populo
381 507 508 596 invisum
520 490 719 614 reddere,qno
730 525 859 593 facillins
873 524 925 591 illo
934 524 967 590 in
978 519 1100 592 exilium
1111 523 1213 634 οιὶεερ,
1224 523 1289 614 ipse
1304 523 1429 588 civitatis

286 638 395 682 aenas
416 620 540 682 teneret
580 613 758 698 Plutarchus
779 612 830 677 vit
852 611 956 676 Niciae
977 633 1003 675 c.
1026 612 1080 676 11:
1107 599 1167 674 Ὧν
1186 633 1226 692 ην
1246 610 1297 674 καί
1313 606 1430 694 Ὑπέρ-

262 707 356 786 βολος
381 697 398 765 ὅ
425 696 634 786 Περιθοίδης,
666 695 833 782 άνθρωπος
859 694 915 760 ἀπ’
945 693 1090 776 οὐδεμιᾶς
1115 699 1238 776 τολμῶν
1264 689 1429 775 δυνάμεως,

262 785 332 851 ἀλλ’
355 781 416 850 όπδ
437 791 494 850 τού
516 783 633 866 τολμᾶν
653 785 695 860 είς
716 779 846 863 δύναμιν
866 777 1042 866 προελθών,
1064 780 1114 844 καί
1135 780 1306 862 γενόμενος,
1329 777 1369 842 δι’
1392 776 1430 862 ἢν

262 869 338 953 είχιν
365 872 397 935 ἐν
422 875 460 956 τῇ
488 865 572 934 πόλει
601 863 707 946 δόξαν,
735 866 843 943 ἀδοξία
870 872 926 949 τῆς
952 861 1075 941 πόλεως.
1122 854 1221 942 Οὗτος
1242 864 1275 928 ἐν
1295 865 1341 952 τῷ
1361 861 1430 928 τότε

258 953 361 1044 χρόνῳ
394 961 449 1020 τοῦ
480 954 538 1035 μὲν
561 951 713 1038 ὀστράκου
743 949 850 1034 πόρρω
882 949 1040 1031 τιθέμενος
1068 945 1195 1028 ἑαυτόν,
1239 946 1291 1014 ἅτε
1318 947 1358 1032 δὴ
1385 953 1430 1038 τῷ

262 1039 380 1128 κύφωνι
400 1043 519 1121 μᾶλλον
539 1035 710 1123 προσήκων,
733 1038 859 1114 ἐλπίζων
872 1037 905 1100 δὲ
919 1034 1056 1116 θατέρου
1067 1039 1129 1098 τῶν
1147 1033 1269 1120 ἀνδρῶν
1288 1031 1431 1099 ἐκπεσόν-

259 1150 329 1203 τος,
358 1123 451 1199 αὐτὸς
472 1123 636 1199 ἀντίπαλος
656 1127 700 1210 τῷ
722 1119 888 1207 λειπομίνῳ
913 1120 1072 1204 γενέσθαι,
1099 1117 1279 1206 καταφανὴς
1297 1109 1336 1203 ἦν
1356 1114 1430 1201 ἡδό-

258 1206 349 1292 μενός
370 1213 465 1294 τετῇ
493 1208 631 1296 διαφορᾷ
659 1208 711 1272 καλ
738 1203 917 1288 παροξύνων
943 1209 997 1269 τὸν
1024 1207 1122 1287 δῆμον
1150 1204 1200 1269 ἐπ’
1224 1203 1267 1286 άμ
1296 1205 1429 1289 οτόρους.

259 1295 297 1358 οί.
324 1295 376 1358 vit
403 1291 568 1358 Alcibiadis
597 1313 622 1356 c.
646 1293 695 1356 ίδ.
744 1291 881 1357 Ταινίαι]
912 1297 1046 1380 repertus
1073 1297 1135 1372 cst,
1178 1292 1227 1376 qui
1255 1229 1293 1354 ll
1329 1290 1430 1355 erbolo

259 1377 370 1444 diceret
391 1400 424 1440 se
445 1373 557 1441 vidisse
577 1377 708 1456 Niciam3
736 1376 817 1440 cuius
839 1397 946 1440 scenae
967 1383 1079 1463 partem
1101 1375 1232 1439 servavit
1252 1375 1429 1441 Putarcbus

257 1465 309 1526 vit.
330 1463 436 1526 Niciae
466 1484 491 1524 c.
512 1459 548 1527 4:
577 1457 616 1524 ‘0
637 1458 667 1524 δ’
691 1457 746 1524 ὕπ’
771 1457 943 1536 Εὐπόλιδος
970 1457 1212 1545 κωμῳδούμενος
1232 1461 1265 1524 ἓν
1285 1465 1329 1548 τῷ
1354 1463 1430 1524 Μα-

259 1541 602 1696 ρ’”ᾅίόῗιράίό”ό.ῗ”ἀ
622 1550 692 1693 ἕλ’.
705 1542 1151 1695 epapappppppppp,
1173 1545 1265 1630 λέγω

342 1719 383 1780 Β.
418 1713 483 1780 Oen
505 1653 650 1792 είδούξρεί
669 1654 983 1798 prdy'bbypoygye‘brdic'
1008 1715 1040 1778 ἒν
1061 1681 1171 1804 άηόρᾷ.

340 1804 427 1865 MA.
448 1795 539 1886 Ἀνὴρ
562 1795 707 1882 ὁμολογεῖ
722 1803 835 1864 Νικίαν
856 1797 1024 1886 ἑορακέναι.

340 1888 380 1948 Β.
402 1886 470 1948 Καί
488 1909 536 1948 τοι
557 1885 589 1948 τί
606 1883 721 1964 μαθών
742 1881 780 1948 δν
801 1882 896 1964 είδον,
918 1887 945 1950 εί
963 1883 1008 1969 μὴ
1030 1881 1217 1972 προύδίδους

309 1963 320 1986 ’
340 1971 426 2034 MA.
450 1963 630 2048 Hrodoac',
658 1961 868 2052 ὦσυνήλικες,

337 2052 407 2117 Ἐπ’
432 2050 607 2141 αὐτοφώρῳ
628 2055 741 2118 Νικίαν
762 2054 950 2138 εἰλημμένον.

340 2141 382 2203 Β.
402 2135 508 2219 Ὑμεῖς
528 2137 604 2221 γάρ,
632 2130 657 2202 ab
680 2145 912 2248 ιρρινοβλαβεῖς,

340 2220 479 2304 Λάβοιτ’
505 2221 543 2286 δν
565 2222 656 2308 ἄνδρ’
681 2223 806 2307 άριστον
827 2228 859 2290 ἐν
879 2227 964 2288 κακῶ
985 2247 1043 2288 τινι
1050 2245 1060 2304 3

255 2307 355 2378 Versu
384 2315 486 2392 quarto
518 2309 577 2371 scri
598 2309 624 2370 si
653 2304 732 2371 εἶδον
757 2331 810 2398 pro
839 2331 891 2391 eo,
924 2288 1001 2394 qbod
1027 2309 1119 2395 vulgo
1148 2305 1309 2394 legebatur
1336 2303 1427 2371 είδενι

256 2399 378 2480 apparet
405 2391 483 2456 enim
510 2330 636 2456 eundem
663 2393 751 2456 istum
778 2395 924 2458 hominem
950 2415 1006 2481 pau
1028 2415 1108 2458 erem
1135 2392 1227 2476 loqui:
1256 2413 1429 2478 quamquam

255 2476 403 2542 sententia
430 2482 476 2541 est
503 2476 696 2543 subobscuro:
731 2477 846 2542 videtur
872 2485 968 2542 autem
998 2415 1049 2542 ille
1076 2475 1257 2560 προύδίδου
1273 2499 1309 2542 co
1337 2498 1429 2542 sensu

254 2561 378 2642 dixisse,
400 2567 432 2624 ut
452 2560 492 2624 sit
512 2576 591 2624 απνο
615 2567 717 2625 dare:
739 2585 807 2626 nam
829 2563 866 2626 ob
887 2563 943 2628 hoc
963 2563 1058 2652 ipsum
1080 2563 1258 2627 Plutarchus
1271 2561 1428 2650 Eupolidis

252 2647 389 2712 versibus
416 2646 523 2726 utitur,
555 2652 588 2709 ut
615 2646 796 2712 demonstret
821 2647 926 2712 Niciae
954 2669 1029 2735 erga
1056 2655 1174 2712 cunctos
1203 2647 1427 2712 liberalitatem:
1488 2715 1489 2730 ρ

216 2733 296 2796 .ita
317 2731 395 2796 enim
422 2731 539 2794 scribit:
584 2733 647 2794 Καὶ
681 2737 802 2814 πλῆθος
823 2727 1026 2818 ἀνδραπόδων
1052 2731 1175 2818 ἔτρεφεν
1202 2729 1331 2809 αὐτόθι,
1375 2733 1428 2796 καί
1488 2735 1489 2740 ’

252 2819 307 2898 τῆς
335 2815 453 2892 ούσίας,
469 2816 500 2878 ἓν
528 2813 662 2902 άρηυρίιρ
688 2815 723 2880 τό
750 2823 890 2882 πλεῖστον
916 2814 1005 2900 εἶχεν·
1050 2817 1123 2881 ὅθεν
1151 2815 1206 2881 oda
1235 2815 1329 2899 όλίγοι
1359 2819 1428 2900 περὶ

253 2899 348 2964 αύτδν
368 2892 447 2982 ἦσαν
469 2903 623 2976 αἰτοῦντες
644 2903 694 2964 καί
716 2899 938 2982 λαμβάνοντες·
967 2903 1068 2966 ἐδίδου
1089 2901 1148 2987 γάρ
1171 2900 1229 2984 οὐχ
1248 2892 1341 2982 ἧττον
1363 2911 1428 2979 τοῖς

253 2990 355 3060 κακῶς
387 2993 482 3048 ποιεῖν
513 2985 706 3066 δυναμίνοις,
739 2986 759 3070 ἢ
786 2996 850 3063 τοῖς
877 2979 909 3051 eb
942 2984 1067 3068 πάσχειν
1098 2986 1203 3062 ἀξίοις.
1246 2989 1312 3050 Καὶ
1347 2984 1428 3063 ὅλως

254 3067 406 3157 πρόσοδος
432 3059 470 3152 ἦν
491 3068 587 3134 αὐτοῦ
615 3079 678 3146 τοῖς
698 3095 730 3136 τι
760 3081 903 3158 πονηροῖς
929 3069 948 3156 ἡ
971 3074 1080 3150 δειλία,
1108 3075 1158 3136 καὶ
1185 3081 1250 3147 τοῖς
1276 3082 1429 3156 χρηστοῖς

253 3150 273 3238 ἡ
294 3156 524 3241 φιλανθρωπία.
564 3157 688 3236 Λαβεΐν
709 3155 743 3220 δὲ
764 3161 831 3242 περὶ
852 3153 969 3222 τούτων
987 3160 1162 3242 μαρτυρίαν
1182 3159 1233 3221 καὶ
1255 3157 1342 3242 παρὰ
1363 3163 1429 3222 τῶν

174 3283 176 3288 ,
252 3246 392 3320 κωμικῶν
403 3242 477 3304 ἐστι.
499 3239 630 3305 Maricas
653 3249 748 3306 antem
769 3242 843 3309 illud
866 3245 985 3308 verbnm
1007 3263 1098 3307 senso
1119 3242 1239 3330 vulgari
1254 3248 1427 3322 prodendo·

252 3325 391 3471 accepiltj'
404 3326 434 3431 e}
454 3325 600 3432 explamat
619 3326 692 3433 ista:

330 3417 943 3582 Ἕάρυάύόοίριόρρῖυίλίίύίάύ,εἰλημμένον.
1391 3570 1398 3577 ,

251 3577 406 3644 Postremo
427 3599 499 3642 vero
519 3576 712 3680 Hyperbolus
734 3581 848 3646 videtur
869 3585 906 3647 ab
928 3582 1100 3648 adversario
1125 3587 1280 3670 superatus
1301 3603 1375 3647 esse
1398 3589 1431 3648 et

107 3727 111 3734 ,
250 3663 350 3754 populi
371 3664 469 3751 gratia
489 3663 652 3747 excidisse,
672 3687 795 3754 prorsus
816 3673 848 3730 nt
869 3667 965 3733 Cleon
986 3667 1063 3756 apud
1083 3666 1332 3756 Aristophanem:
1355 3689 1430 3732 nam

189 3817 192 3824 ,
251 3770 336 3835 quem
356 3767 475 3814 versum
496 3751 627 3814 servavit
647 3749 820 3816 Eustethins
842 3753 880 3818 ad
901 3751 1026 3818 Homeri
1046 3752 1131 3818 lliad.
1152 3751 1192 3818 Π.
1234 3800 1241 3816 .
1263 3755 1340 3834 300,
1364 3753 1429 3818 48:

170 3863 171 3870 ι
247 3833 285 3898 Ὅ
306 3833 340 3897 δὲ
354 3830 545 3921 Ἡρωδιανὸς
566 3871 608 3884 -
628 3833 689 3898 ’τὸν
710 3834 795 3920 παρά
820 3842 864 3925 τῷ
886 3842 1009 3924 κωμικῷ
1031 3839 1181 3924 Μαρικᾶν
1202 3773 1237 3900 rb
1257 3833 1431 3925 βάρβαρον

252 3929 349 4016 όνομα
371 3933 423 3999 διδ
443 3939 499 3997 τοῦ
521 3923 556 3999 ἦ
576 3939 719 4017 κλιθῆναι
740 3936 826 4021 λέγει,
847 3939 1036 4026 παραφέρων
1053 3943 1164 4024 χρῆσιν
1184 3933 1314 4019 ταύτην·

330 4015 414 4080 Ἀλλ’
439 4009 494 4080 οὖν
514 4017 607 4102 ἔγωγέ
626 4045 675 4084 σοι
697 4022 774 4106 λέγω
795 4027 983 4110 Μαρικάντα
1005 4023 1049 4106 μὴ
1070 4020 1216 4102 κολάζειν.

253 4123 318 4167 eum
348 4108 417 4190 puto
442 4102 558 4168 Niciam
586 4103 699 4188 dicere,
732 4129 856 4196 poenam
885 4109 1104 4198 deprecantem,
1153 4131 1217 4172 uam
1243 4105 1429 4196 Hyperbolo

251 4187 384 4286 Populus
397 4187 489 4287 volpit
507 4189 546 4253 im
568 4209 673 4255 onere:
695 4193 771 4276 quod
792 4195 916 4292 egregie
933 4195 1070 4258 convenit
1090 4130 1172 4258 molli
1193 4199 1278 4278 atque
1290 4193 1429 4257 hnmano

249 4273 372 4358 ingemo
392 4271 506 4338 Niciae.
548 4209 669 4424 lliznus
691 4284 756 4358 est,
777 4299 826 4363 qur
848 4287 1030 4367 comparetur
1052 4279 1262 4367 Aristophanis
1282 4277 1368 4342 locus
1391 4279 1429 4342 in

583 4381 634 4424 ur

213 4345 219 4372 '⁸
249 4355 405 4454 Equitibns
426 4377 455 4420 v.
468 4359 562 4438 1396,
653 4360 766 4428 Demus
789 4383 828 4428 ex
841 4362 1020 4452 Agoracrito
1042 4364 1166 4450 quaerit,
1186 4383 1271 4452 quam
1291 4383 1429 4450 poenam

229 4443 436 4546 sfficbmmentns
457 4442 497 4505 sit
517 4441 627 4510 Cleon:
1163 4453 1166 4458 ’
