3052 5060
311 283 376 360 14⁰
698 289 1101 366 COMMENTATIONES

310 457 442 550 ψήφους
463 461 624 538 καθίεσαν,
643 460 696 524 *ίνα
716 460 760 544 μὴ
782 460 1001 528 ὄλισθάνωσιν·
1024 463 1087 530 ἔστι
1109 466 1144 532 δέ
1163 468 1285 554 πλέγμα
1301 497 1331 538 τι
1351 476 1462 543 διιτυῶ.

311 547 366 624 δες
382 552 433 614 καί
454 547 618 632 ἠθμῶδες,
638 545 758 611 άνωθεν
779 545 893 625 πλατύ,
915 547 1054 614 κάτωθεν
1075 550 1188 618 στενόν.

277 660 282 669 ·
395 635 458 700 lam
491 654 562 698 vero
598 631 739 698 Cratinus
767 634 809 697 ita
838 633 955 698 videtur
987 637 1168 720 instituisse,
1207 647 1238 704 ut
1268 661 1323 725 quo
1355 645 1461 730 gravius

311 720 465 804 acriusque
487 718 664 784 desiderium
688 718 824 802 antiquae
845 719 962 784 virtutis
984 729 1014 784 et
1035 722 1214 808 integritatis
1235 725 1267 788 iu
1289 729 1389 792 civium
1410 732 1462 792 aui-

310 805 365 870 mis
388 805 547 884 excitaret,
569 804 728 889 imaginem
750 803 940 868 felicissimae
961 805 1039 872 vitae
1062 809 1232 890 exhiheret,
1254 831 1327 894 quae
1348 811 1463 878 reditura

308 898 399 971 esset,
422 889 660 954 siAtheuienscs
672 909 732 951 nou
748 896 806 952 tam
828 896 905 954 metu
916 889 1052 978 supplicii
1074 893 1280 979 turpitudinem
1291 895 1404 982 lugiunt
1422 907 1462 962 aut

307 977 432 1041 utilitate
458 975 557 1058 aliqua
585 973 738 1056 fructuque
765 973 835 1036 moti
864 975 1047 1040 honestatem
1074 971 1187 1059 colant,
1213 979 1266 1044 sed
1295 1001 1348 1044 sua
1372 991 1461 1069 sponte

306 1068 442 1125 naturam
464 1059 557 1123 secuti
583 1058 701 1145 legibus
722 1059 924 1145 obtemperent
949 1060 1099 1147 ipsamque
1128 1064 1265 1128 virtutem
1311 1087 1344 1128 er
1369 1087 1400 1129 se
1418 1089 1461 1130 ex-

327 1154 415 1210 etant
458 1142 509 1209 Ad
526 1143 627 1222 ,huius
657 1145 736 1206 vitae
762 1142 932 1208 felicitatem
964 1145 1064 1210 resero
1091 1147 1180 1228 illud,
1223 1085 1309 1251 puorl
1324 1158 1369 1214 est
1398 1151 1461 1238 apul

304 1167 444 1300 l'hotium
466 1251 494 1340 p.
515 1230 591 1309 553,
611 1225 653 1292 8:
671 1226 865 1311 Ὀσταφίὸα,
888 1227 944 1308 ούχ
966 1228 1048 1306 ὅπως
1068 1235 1224 1316 Κρατῖνος
1244 1232 1377 1313 Νόμοις·

386 1311 425 1380 Ὁ
446 1316 478 1378 δε
500 1311 579 1388 Ζεύς
607 1310 771 1397 ὀσταφίσιν
790 1309 856 1378 linet
878 1312 968 1394 τάχα.

306 1399 385 1465 ἀλλὰ
407 1402 457 1462 καί
479 1395 615 1461 Πλάτων
636 1402 700 1461 κτλ.
742 1397 805 1466 Vix
827 1397 884 1462 dici
906 1400 984 1462 euim
1006 1406 1117 1486 potest,
1139 1410 1319 1490 quantopere
1341 1402 1460 1486 autiquae

304 1483 472 1552 comoediae
482 1491 597 1632 poetae
618 1484 654 1548 iu*
683 1482 739 1549 hac
759 1503 873 1546 summa
892 1483 1034 1548 felicitate
1061 1493 1146 1569 atque
1167 1487 1230 1550 vita
1255 1487 1458 1575 opulentissima

304 1591 479 1658 exaggerem
502 1591 520 1632 a
540 1567 599 1633 sibi
618 1568 796 1656 placuerint:
823 1588 878 1652 quo
899 1567 999 1654 plures
1022 1577 1117 1634 autem
1139 1571 1268 1636 taedium
1289 1572 1365 1636 vitae
1385 1571 1457 1635 nise·

302 1677 356 1721 rae
377 1661 510 1744 ceperat,
533 1675 568 1718 eo
589 1653 771 1738 frequentius
792 1653 867 1716 tales
890 1653 1036 1740 imagines
1058 1654 1090 1718 iu
1111 1677 1201 1720 scena
1222 1655 1455 1746 proponebantur:

303 1749 334 1804 et
355 1743 398 1807 sic
420 1739 507 1804 etiam
530 1737 581 1804 alii
601 1745 707 1826 poetae
727 1735 856 1824 pluviam
878 1758 990 1822 quoque
1007 1740 1091 1826 copia
1112 1742 1241 1806 omnium
1263 1755 1361 1806 rorum
1380 1741 1456 1804 abun·

302 1829 374 1896 dare
395 1827 557 1904 finxerunt,
578 1832 610 1888 ut
623 1823 820 1889 Pherecrates
839 1823 874 1886 iu
890 1821 995 1888 Persis
1017 1823 1093 1912 apud
1108 1823 1221 1890 Athen.
1242 1826 1296 1895 Vl.
1316 1824 1455 1913 panon:

380 1908 420 1976 ‘0
438 1910 519 1985 Ζεύς
540 1906 571 1972 ‹l'
595 1906 658 1978 ύων
679 1906 751 1990 οἴνῳ
773 1909 886 1995 καπνίᾳ
907 1907 985 1972 κατὰ
1007 1915 1063 1972 τοῦ
1085 1908 1221 1991 κεράμου
1241 1907 1423 1992 βαλανεύσει,
1500 1943 1501 1976 1

379 1995 456 2064 Ἀπὸ
478 2000 539 2058 τῶν
561 1995 595 2058 δὲ
614 1998 708 2076 τεγῶν
729 1993 826 2072 ὀχετοὶ
847 1991 990 2073 βοτρύων
1009 1992 1087 2072 μετὰ
1104 1997 1275 2060 ναστίσκων
1291 1993 1456 2078 πολυτύρων
1500 1999 1501 2048 l

381 2078 629 2164 Ὀχετεύσυνται,
651 2083 760 2164 θερμῷ
783 2077 840 2140 σύν
860 2077 935 2144 ίτνιι
955 2077 1385 2168 καλλωριοπολφανιμάναις.
1500 2123 1501 2160 η

299 2175 330 2238 et
348 2168 505 2258 Nicophou
524 2165 557 2229 iu
578 2162 735 2230 Sireuihus
757 2162 880 2228 ibidem:
979 2225 982 2232 ,

703 2247 832 2332 Νιφίτω
851 2247 907 2327 μίν
928 2248 1069 2332 ἀλφίτοις

386 2334 554 2413 Ψακαζέτω
576 2332 606 2397 ‹l'
630 2329 782 2417 άρτοισιν,
804 2329 882 2398 ύέτω
904 2332 934 2397 δ’
949 2333 1048 2408 'livea
1176 2413 1182 2420 ι

382 2420 495 2503 Ζωμὸς
516 2417 567 2484 διὰ
593 2423 655 2482 τῶν
676 2414 757 2482 hainin
782 2420 957 2486 κυλινδείτω
978 2420 1061 2504 κρέα.

281 2507 393 2578 'Plane
415 2515 516 2572 autem
537 2525 716 2594 persuasum
737 2503 832 2568 haheo
850 2505 1028 2593 nouipsos
1044 2510 1145 2594 poetas
1167 2508 1295 2572 comicos
1313 2503 1453 2567 venustam

295 2597 374 2662 hauc
400 2593 559 2679 imaginem
587 2590 728 2670 linxisse,
760 2589 814 2654 sed
840 2590 977 2678 populum
1003 2590 1138 2659 Atticum¹
1159 2591 1291 2656 fabulam
1324 2584 1452 2682 quonlam

297 2681 445 2765 antiquam
467 2677 505 2742 de
525 2676 626 2740 sutura
643 2675 784 2739 felicitate
805 2696 952 2761 aureoque
964 2676 1092 2742 ,saeculo
1114 2697 1275 2742 reversuro
1297 2697 1316 2740 a
1335 2668 1450 2760 patribus

294 2767 432 2833 traditam
454 2763 504 2826 diu
525 2761 637 2825 fovisse
659 2767 689 2824 et
710 2760 766 2824 hac
786 2780 839 2848 spe
868 2761 901 2826 iu
928 2762 1049 2826 summis
1069 2759 1287 2832 ,calamitatibus
1308 2777 1341 2823 se
1362 2769 1450 2820 consu·

294 2853 370 2922 latos
392 2870 475 2914 osse:
497 2846 646 2916 commode
657 2846 750 2932 igitur
760 2853 864 2932 poetae
886 2847 1100 2916 hauclabulam
1123 2844 1222 2932 lepide
1236 2841 1451 2912 exornaverunt

292 2937 346 3007 se'd
367 2937 480 3001 (licetur
501 2933 538 2998 de
558 2932 606 2994 his
627 2931 717 2996 iufra.
758 2932 868 2996 Nescio
889 2939 986 2998 auam
1006 2955 1044 3000 au
1067 2933 1103 2996 acl
1124 2931 1251 2998 eundem
1273 2937 1352 3000 hunc
1370 2923 1451 2986 locum

291 3023 439 3116 pertineat
459 3019 545 3084 etiam
566 3015 618 3080 ille
638 3037 755 3096 versus,
777 3017 826 3100 qui
847 3025 894 3082 est
913 3011 989 3106 apud
1004 3017 1190 3086 Athenaeum
1201 3019 1287 3090 xlv.
1309 3039 1337 3105 p·
1348 3003 1451 3074 ⁶4⁶&

294 3107 482 3216 Τηγηνίτης·
510 3106 646 3176 πλακοῦς
673 3103 707 3166 ἐν
726 3103 818 3188 ἐλαίην
843 3104 1147 3187 τετηγανισμένος-
1181 3111 1233 3170 καί
1256 3105 1408 3189 aaaron
1426 3091 1451 3153 l'

242 3245 247 3256 .
290 3198 341 3260 No
366 3211 427 3264 υις·
663 3195 665 3198 ’
1197 3227 1205 3240 ·

340 3217 441 3338 μΚιιί
463 3267 576 3357 ιλράσον
597 3270 720 3353 βάλλων
742 3265 838 3338 Ιἕωθεν
855 3273 982 3356 χλιαρὸς
1002 3276 1172 3358 ταγηνίας.

275 3361 449 3448 ‚magnifiee
470 3365 577 3440 autem,
599 3364 631 3422 ut
651 3357 737 3440 solet,
758 3359 910 3446 placentne
932 3361 1156 3448 descriptionem
1178 3357 1346 3436 exornavit,
1367 3345 1451 3441 itaut

289 3469 344 3538 pro
365 3468 382 3509 e
408 3443 446 3509 ad
471 3445 650 3544 tragicorum
681 3445 900 3511 similitudinem
926 3447 1128 3510 evectussit:
1149 3467 1219 3519 ,non
1247 3453 1346 3510 tamen
1372 3425 1450 3498 fante

290 3468 406 3598 crelam
435 3529 542 3606 tragica
568 3530 691 3594 alicuius
721 3537 826 3618 poetae
852 3531 945 3594 verha
971 3531 1088 3596 ridendi
1114 3553 1205 3598 causa
1231 3533 1290 3596 huc
1318 3514 1450 3590 translata

288 3639 366 3684 esse.
409 3613 468 3680 Sus
488 3611 551 3679 icor
576 3622 670 3680 autem
697 3637 758 3682 non
785 3615 879 3680 solum
906 3615 943 3680 ad
971 3616 1048 3704 hauc
1074 3618 1204 3682 lahulam
1231 3613 1286 3680 sed
1314 3607 1396 3674 etiam
1417 3589 1450 3656 ll

287 3703 366 3768 hanc
392 3636 527 3766 omnihus
551 3699 666 3770 deliciis
694 3701 870 3766 ahu'mlantis
896 3700 974 3764 vitae
1000 3701 1227 3790 descriptionum
1255 3697 1327 3763 illos
1353 3695 1448 3753 versus

287 3789 452 3880 pertinere,
473 3807 545 3871 quos
566 3786 632 3850 sine
653 3785 772 3852 sahulae
793 3785 877 3850 titulo
899 3786 1056 3876 adscripsit
1067 3787 1242 3852 Athenaeus
1263 3783 1304 3848 ll.
1322 3761 1448 3866 p.⁴l9h²

290 3871 445 3959 Τράπεζαι
467 3867 684 3956 ίλεφαντιύάεις
705 3875 767 3934 τῶν
792 3868 993 3955 ἐπιθημάτων
1013 3874 1046 3938 ln
1074 3879 1129 3956 τῆς
1150 3866 1342 3951 καλουμένης
1363 3869 1448 3938 ⁰th

284 3955 403 4040 δάμνου
423 3955 647 4040 πεποιημένωνί
674 3957 846 4040 Κρατῖνος·-

292 4048 320 4104 .'
371 4047 551 4125 scopatione
573 4040 604 4104 δ’
629 4039 831 4122 ἀναμένουσιν
851 4029 910 4106 ὧδ’
935 4043 1170 4126 ἓπηγλαλσμίναι

292 4171 296 4178 ·
372 4129 527 4210 Μείρακες
548 4127 679 4212 φαιδράὶ
701 4125 844 4212 τράπεζαι
865 4134 1028 4212 τρισκελεῖς
1049 4123 1282 4213 σφενδάμνιναι.
1358 4184 1367 4212 r

287 4211 371 4278 llaec
392 4213 523 4278 servavit
543 4212 625 4276 solus
647 4212 796 4294 codex-C,
817 4213 909 4302 vulgo
930 4213 1032 4278 ultima
1052 4221 1165 4280 tautum
1184 4211 1290 4286 verba,
1310 4185 1446 4291 'offla‘
1486 4251 1491 4266 .

285 4303 446 4379 τριοκιλιῖς
467 4322 487 4362 c
514 4295 687 4378 ενδάμνιναι
713 4297 904 4386 legebantur,
933 4297 1091 4385 eademque
1119 4300 1206 4366 etiam
1229 4281 1445 4418 Eustuthssw

285 4385 386 4466 ¹³⁹8,
406 4385 450 4450 λθ
513 4388 569 4450 ert·
611 4382 846 4466 Valckenarius,
875 4384 925 4470 qui
945 4383 1052 4450 Diatn·
1071 4385 1109 4454 (le
1135 4385 1241 4472 llurip
1263 4373 1319 4440 Fr·
1338 4383 1367 4452 P·
