3004 5048
320 195 380 298 oe
401 229 545 312 numo.
567 227 754 316 corrono,
774 231 881 304 nro.
901 232 1049 311 numo.
1201 237 1268 306 aar

98 397 236 486 Abydum
266 419 300 465 se
327 397 449 466 contulit
473 399 572 486 ibique
597 401 677 467 omni
699 399 876 490 voluptatum
904 402 988 492 copia
1014 401 1184 491 perfructus
1209 412 1267 488 est,

96 485 156 550 uid.
178 484 330 572 Antiphon
358 483 435 572 apud
455 483 643 554 Athenaeum
669 483 739 554 ΧΠ.
760 507 789 574 p.
810 487 875 554 52⁵
893 484 939 552 B:
978 485 1144 574 Ἀντιφῶν
1164 489 1196 555 δν
1222 498 1266 580 τῷ

96 567 169 634 κατ’
189 563 398 649 Ἀλκιβιάδου
425 569 580 654 λοιδορίας
611 564 721 655 γράφει
749 567 863 648 οὕτως·
901 569 1269 659 Ἐπειδὴίδοκιμδσθης

94 649 155 718 sind
175 659 237 718 τῶν
257 649 441 802 ἓπιτρόιιρν,
470 653 661 740 παραλαβὼν
681 654 758 741 παρ’
783 653 886 721 αὐτῶν
906 653 944 722 td
967 663 1084 724 σαυτοῦ
1110 656 1268 809 poppleto,

94 735 184 890 bal
199 735 1063 900 eleemon::noeumane
1078 748 1159 849 'o‘

91 911 148 996 μίρι
169 871 220 972 καί
242 847 394 996 ἄκολαέίρ
420 847 481 991 τῆξ
494 849 617 991 prophe
631 848 879 992 haclone’lpyoo
899 852 1288 998 τῥηὸαουιςυμοοίθηῗτίδΐιῗΜΞι

91 991 176 1080 παρὰ
196 997 260 1058 τῶν
281 995 313 1060 ἐν
330 991 466 1080 Ἀβύδῳ
485 998 651 1077 γυναικῶν,
679 989 762 1070 ὅπως
782 995 814 1058 lu
834 999 879 1098 api
900 997 1046 1085 ίπιλοίπιρ
1066 1000 1126 1084 βίῳ
1147 1006 1265 1066 σαυτοῦ

90 1079 169 1159 ἔχοις
185 1084 327 1161 χρῆσθαι
350 1077 465 1154 αὐτοῖς.
498 1077 625 1146 Videtur
645 1084 742 1144 autem
763 1075 945 1170 Hermippus
964 1081 1021 1147 hoc
1041 1085 1160 1149 nomine
1180 1093 1266 1152 notu-

21 1213 25 1224 .
89 1166 169 1228 uisse
190 1161 377 1229 Alcibiadem
403 1183 439 1227 eo
460 1163 526 1250 ipso
551 1172 698 1251 tempore,
729 1184 794 1228 cum
821 1164 942 1231 adrem
968 1167 1114 1255 publicam
1139 1169 1264 1236 admini-

31 1311 41 1334 ,
90 1248 239 1314 amandam
268 1247 462 1330 accessisset,
502 1249 545 1312 ito
571 1254 604 1312 ut
628 1247 786 1334 pristinum
812 1248 886 1316 illud
913 1252 1100 1340 opprobrium
1137 1253 1170 1319 im
1197 1277 1265 1322 eum

88 1334 224 1400 coniiciat
250 1341 281 1402 et
301 1333 380 1398 dicat
404 1353 484 1397 nnnc
512 1332 596 1398 illum
624 1331 718 1398 virum
745 1333 854 1398 factum
876 1355 960 1402 esse:
986 1337 1107 1402 fueriti
1132 1341 1205 1417 tor,
1235 1335 1267 1406 si

87 1419 160 1483 haec
174 1441 247 1484 vere
259 1418 406 1508 disputata
421 1423 503 1504 sont,
523 1417 598 1484 haec
619 1415 771 1484 comoedia
792 1418 871 1484 circa
883 1419 1088 1512 Olympiadem
1206 1425 1216 1446 ⁷
1232 1425 1263 1490 X

87 1505 181 1572 docta.

169 1603 327 1694 Hermippi
347 1604 488 1670 eximium
507 1603 725 1691 fragmentum,
746 1602 823 1690 quod
844 1602 956 1691 legitur
976 1607 1053 1694 opud
1074 1607 1261 1675 Athenaeum

85 1693 117 1770 1.Ι
131 1712 160 1779 p.
182 1693 224 1758 29
247 1689 292 1771 E,
312 1689 355 1753 ita
375 1685 584 1776 corrigendum
605 1687 749 1754 arbitror:
772 1685 952 1776 ’Ἕρμιππος
973 1691 1010 1757 dt
1028 1717 1088 1758 που
1108 1703 1192 1760 ποιεῖ
1207 1693 1262 1760 ude
1310 1725 1319 1746 ·

85 1777 239 1842 Διόνυσον
259 1769 405 1840 πλειόνων
423 1771 630 1855 μεμνημένον·
1170 1787 1174 1798 ’

168 1875 331 1943 Μενδαῖον
349 1873 419 1954 μίν,
441 1869 497 1959 ἐφ’
521 1861 548 1960 ᾧ
569 1874 620 1938 καὶ
642 1871 820 1957 ἐνουροῦσιν
841 1873 909 1937 θεολ
932 1869 1021 1940 οὗτοὶ
1148 1927 1150 1930 .

167 1956 354 2044 Στραίμασιν
375 1959 408 2023 ἓν
427 1959 593 2039 μαλακοῖς,
606 1953 762 2042 Μάγνητα
784 1957 818 2022 δὲ
837 1955 1057 2047 μειλιχόδωρον

167 2047 235 2110 Καὶ
259 2043 392 2123 Θιίσισν,
413 2047 458 2107 τῶ
479 2040 518 2126 δὴ
538 2038 646 2150 μνξλων
666 2042 770 2107 turold
789 2067 863 2125 ομεν
883 2039 975 2127 ὀδμή.

168 2133 292 2194 Τοῦτον
312 2125 371 2212 lyei
395 2105 488 2214 κρίνω
508 2131 587 2192 αολυ
608 2122 731 2192 πάντων
758 2067 833 2194 riuus
859 2125 987 2214 dprorov

167 2217 241 2279 Τῶν
261 2210 363 2278 ἄλλων
383 2211 473 2278 οἴνων
492 2210 560 2294 μετ’
582 2209 729 2294 ἀμύμονα
749 2214 832 2278 Χῖον
851 2210 981 2280 ἄλυπον.

157 2296 252 2363 Ἐστι
279 2297 316 2362 δί
333 2319 382 2374 τις
409 2294 504 2373 σίνος,
535 2294 590 2360 τὸν
610 2296 649 2378 δὴ
676 2299 812 2382 σαπρίαν
835 2298 1005 2376 καλέουσιν,

165 2388 234 2448 Τοῦ
255 2385 307 2448 καλ
328 2381 389 2446 dud
409 2378 564 2463 πόματος
573 2379 716 2462 στάμνων
737 2380 982 2468 ίξοιγνυμενοὶων,

155 2465 238 2548 ’Όζει
260 2467 330 2544 dioc,
352 2464 412 2547 ὄζει
433 2468 467 2533 δὲ
488 2464 603 2552 ῥόδων,
629 2463 688 2544 diae
710 2465 743 2531 δ’
765 2465 928 2535 ὑακίνθου,

157 2551 259 2635 Ὀσμὴ
280 2552 429 2617 θεσπεσία
450 2550 530 2615 κατὰ
550 2556 612 2615 πᾶν
632 2550 663 2615 d'
687 2547 747 2634 ἔχει
766 2548 920 2640 δψερεφίς
939 2554 996 2620 δῶ.

157 2635 344 2722 Ἀμβροσία
366 2637 416 2700 καὶ
438 2636 545 2717 νίκταρ
567 2630 646 2716 ὁμοῦ
667 2634 754 2702 τοῦτ’
778 2637 856 2702 ἔστί·
884 2637 920 2702 τδ
941 2637 1051 2721 νέκταρ

163 2725 261 2788 Τουτὶ
279 2718 341 2806 χρὴ
363 2719 504 2804 παρίχειν
525 2719 619 2783 πίνειν
639 2719 673 2784 ἓν
693 2721 774 2784 δαιτὶ
795 2721 907 2806 θαλείῃ

162 2811 272 2874 Τοῖσιν
291 2809 391 2887 ἐμοῖσι
413 2807 529 2893 φίλοις,
549 2813 615 2882 τοῖς
636 2802 820 2890 δ”ίχθροΐς
840 2807 873 2870 da
890 2800 1098 2890 Πεπαρήθου.

76 2908 145 2976 v.1
176 2907 333 2997 legebatur
352 2905 503 2993 Μενδαίῳ
528 2904 586 2988 μὲν
614 2905 791 2987 ίνουροῦσιν
817 2908 867 2970 καλ
894 2907 963 2970 θεολ
991 2901 1079 2968 αὐτοὶ
1107 2923 1250 2992 perverso

69 3009 104 3062 et
125 3014 248 3060 numero
270 2999 304 3057 et
321 2992 477 3057 sententia.
504 3011 534 3057 u.
555 2993 578 3057 7
598 2991 739 3056 edebatur
761 2980 799 3055 od
820 2993 869 3055 καλ
892 2988 954 3054 ἀπὸ
975 2984 1129 3070 στόματος
1149 2984 1250 3070 στάμ-

74 3107 133 3146 νων
154 3074 392 3160 δνοιγομενάων,
414 3076 531 3141 restitui
552 3077 662 3166 epicam
683 3076 807 3142 formam
829 3081 897 3142 τοῦ
903 3123 914 3154 ,
946 3093 1004 3162 qua
1024 3073 1088 3164 ipse
1108 3071 1214 3138 Hermi
1236 3113 1248 3128 ·

72 3185 127 3256 pos
149 3165 268 3254 saepius
289 3163 396 3244 utitur,
413 3170 448 3234 ,et
469 3161 711 3245 ε’ξοιγνομινοίαν.
753 3161 874 3226 Deinde
895 3160 939 3226 sic
959 3159 1147 3268 distinguunt
1166 3093 1249 3226 nulia

72 3259 123 3317 aut
143 3259 223 3316 certe
243 3269 347 3338 parum
369 3255 436 3336 apta
457 3247 620 3311 sententia:
650 3243 731 3323 Ὄζιι
753 3245 787 3310 δ’
809 3242 962 3310 ὑακίνθου
984 3241 1064 3327 δσμη
1086 3247 1246 3309 θεσπεσία·

71 3337 149 3401 κατὰ
171 3339 232 3399 πᾶν
254 3331 285 3398 δ’
309 3331 369 3415 ἔχει
389 3329 543 3417 ὑψερεφὲς
561 3332 607 3396 δῶ
625 3329 807 3416 Ἀμβροσία
828 3332 879 3395 καί
901 3330 1010 3415 νέκταρ
1031 3325 1127 3407 dano·
1154 3326 1243 3395 ταῦτ’

71 3424 134 3485 ἐστὶ
159 3419 195 3486 τὸ
224 3417 348 3504 νίκταρ·
375 3421 485 3488 τοῦτον
508 3413 572 3502 χρὴΙ
597 3415 738 3524 παρέχειν
763 3420 829 3480 κτλ.
872 3413 917 3482 At
942 3435 1001 3504 ego
1028 3413 1153 3481 distinxi
1178 3422 1246 3505 post

70 3507 122 3572 illa
141 3506 235 3572 verba
254 3500 315 3581 ὄζει
337 3499 368 3566 δ’
390 3497 556 3577 ὑακίνθου,
583 3507 616 3566 nt
637 3503 695 3579 οζει
717 3500 758 3565 sit
776 3501 899 3566 verbum
925 3499 1140 3590 impersonale,
1167 3500 1245 3600 prod

70 3601 114 3656 est
126 3591 237 3681 passim
248 3587 324 3677 apud
336 3587 461 3651 comicos
473 3594 586 3674 poetas,
608 3593 695 3672 utque
708 3592 895 3652 construatur
907 3605 971 3652 com
985 3585 1093 3674 duplici
1110 3585 1243 3693 gepitivo

68 3683 124 3740 rori
151 3683 181 3742 et
201 3674 271 3750 ileu,
294 3668 411 3758 ῥόδων,
438 3670 607 3738 teatrum.-
634 3693 701 3736 num
728 3671 821 3736 verba
841 3668 902 3735 ἂπδ
924 3665 1080 3751 στόματος
1098 3691 1243 3752 σταμνων
1353 3706 1356 3712 ·

69 3753 302 3846 lacrymaretur
327 3777 386 3820 uno
406 3755 523 3820 vinculo
545 3755 780 3846 comprehendo,
806 3756 867 3822 nisi
888 3756 954 3843 quis
978 3754 1062 3822 malit
1081 3755 1173 3820 verba
1198 3753 1241 3820 ita

68 3847 205 3938 copulare
225 3847 280 3908 τοῦ
300 3843 352 3906 καὶ
374 3838 434 3904 ἀπὸ
455 3837 625 3920 στόματος,
650 3836 794 3919 στάμνων
814 3835 1063 3926 ἓξοιγνυμενάων,
1095 3835 1154 3918 diet
1175 3835 1240 3924 λ’ων,

68 3939 100 3996 ut
120 3929 270 4020 genitivus
290 3931 346 3991 τοῦ
368 3926 585 3991 asnhstantivo
606 3921 760 4007 στὸματος
780 3947 942 4015 εαερεοεαε
964 3925 1014 4006 sit,
1033 3923 1148 4012 ipsique
1170 3924 1239 3990 vino

68 4037 101 4080 os
127 4015 213 4104 quasi
242 4011 386 4100 quoddam
414 4011 568 4076 tribuatur.
609 4009 765 4098 Duplicem
797 4019 893 4078 anmm
926 4009 1089 4100 genitivum
1120 4009 1239 4076 asciscit

68 4097 142 4180 ὄζειν
151 4102 240 4166 σεῖσαι
260 4096 337 4186 apud
348 4095 558 4161 Pherecratem
574 4095 606 4160 in
617 4094 769 4184 Fugitiuis
790 4117 837 4186 ap.
848 4095 961 4166 Athen.
978 4091 1063 4163 xlv.
1073 4115 1102 4184 p.
1115 4093 1179 4164 uls
1190 4093 1233 4162 C:

141 4199 262 4282 Ὥσπερ
282 4202 344 4262 τῶν
365 4197 501 4283 αἰγιδίων
521 4194 598 4276 ὄζειν
617 4195 651 4262 ἔκ
669 4201 726 4260 τοῦ
747 4193 901 4282 στόματος
920 4190 1085 4284 μελικήρας

67 4301 141 4370 addo
162 4299 393 4390 Aristophanem
411 4298 445 4366 io
464 4297 574 4390 Vespis
595 4315 624 4364 τ.
647 4299 744 4367 loto:
