3042 5070
199 315 203 321 ’
327 347 387 416 nu
407 343 551 424 neura.
574 342 762 416 conone.
785 343 893 414 arr.
910 344 1060 424 ,uarro
1232 351 1276 422 rs

92 521 157 588 Sed
180 519 262 586 idem
284 540 348 586 eum
371 518 443 586 artis
465 517 595 586 musicae
615 515 720 582 studiis
743 515 963 604 grammaticam
985 516 1139 584 coniunxit
1156 524 1186 584 et
1199 516 1275 584 Gar·

93 607 182 697 garis
204 605 381 670 litteratoris
410 625 533 668 munere
558 603 676 668 functus
698 623 806 690 pueros
826 600 930 688 primis
955 601 1118 666 litterarum
1147 603 1275 668 elemen-

92 695 133 759 tis
154 692 273 757 imbuit.
315 689 378 754 lam
404 689 432 754 si
457 695 538 752 reete
567 688 656 751 statui
681 687 760 751 huno
780 685 943 750 Diutimum
963 687 1029 750 istis
1052 688 1118 752 aevi
1139 686 1274 752 Alexan-

93 777 177 845 drini
198 776 296 866 poetis
324 772 576 839 annumerandum
603 793 688 854 esse,
720 792 834 860 parum
861 777 941 835 reete
966 769 1139 836 Archilochi
1167 795 1274 838 nomen

93 863 304 951 interpositum
333 867 380 923 est
407 856 562 924 Cratinum
589 857 668 921 inter
695 861 780 940 atque
807 855 979 920 Diotimum.
1023 854 1144 922 Scribas
1166 859 1273 947 igitur:

94 952 255 1035 Κρατῖνος
271 939 524 1028 Ἀρχιλόχοις.
566 939 691 1007 Sublata
711 941 767 1004 hac
789 940 960 1005 difficultate
982 941 1073 1005 instat
1094 943 1179 1008 etiam
1203 966 1274 1032 gra·

93 1035 171 1099 rior.
214 1032 294 1098 Nam
316 1029 411 1095 Suida
432 1028 548 1114 quidem
570 1033 688 1092 auctore
711 1025 787 1089 dlxit
807 1025 973 1090 Diotimus:

175 1108 272 1192 Ὦλός
292 1113 322 1178 τ’
347 1109 530 1198 Εὐρύβατδς
550 1136 597 1188 τε,
620 1108 685 1176 δδω
704 1111 932 1195 βαρυδαίμονος
953 1107 1071 1194 ἄνδρες.

96 1204 205 1290 Neque
224 1207 320 1290 potest
339 1199 396 1264 hoe
417 1200 449 1264 in
477 1197 688 1262 dubitationem
713 1196 830 1278 vocari,
864 1195 934 1280 quin
960 1197 1041 1261 Olea
1063 1212 1097 1261 ec
1115 1200 1273 1282 Euryba-

103 1305 159 1353 ναν
189 1287 225 1351 ab
248 1288 301 1350 hoc
327 1291 415 1374 poeta
436 1284 467 1348 in
489 1304 643 1347 numerum
666 1279 761 1348 Cerco
783 1303 831 1344 um
851 1281 965 1346 fuerint
984 1282 1081 1347 relati.
1125 1282 1187 1348 Sed
1208 1285 1274 1349 Lu·

106 1373 185 1437 ciani
204 1372 346 1471 interpres
368 1368 528 1458 appellavit
549 1365 666 1454 Syllum
689 1373 718 1432 et
772 1365 925 1450 riballum,
963 1387 1037 1452 quae
1059 1369 1178 1432 nomina
1198 1369 1289 1434 Dio··

105 1459 168 1522 timi
188 1478 286 1521 versor
314 1454 396 1520 nullo
424 1453 509 1518 modo
536 1459 662 1555 possunt
688 1451 835 1540 adepturi:
879 1451 912 1516 in
938 1451 1011 1516 isis
1039 1459 1135 1518 autern
1162 1455 1274 1538 verbis,

102 1543 142 1609 uti
171 1541 311 1630 leguntur
342 1537 418 1630 apud
447 1537 661 1620 Schohastam,
693 1557 832 1603 numerus
848 1535 925 1683 plur
966 1559 981 1602 s
1007 1557 1109 1625 parum
1137 1541 1275 1639 congruit

99 1650 161 1692 cum
183 1627 243 1706 iis‚·
261 1647 336 1712 quae
357 1625 587 1709 subsequuntur:
632 1623 652 1685 δ
660 1617 701 1686 δα
722 1624 947 1706 βαροδαμονες
968 1619 1086 1707 ἄνδρες.
1128 1623 1274 1710 Equrdem

96 1712 185 1776 eredo
211 1711 329 1775 librarii
355 1709 469 1774 oculum
503 1708 691 1774 aberravisse
722 1715 751 1772 et
778 1708 897 1772 diversa
930 1709 1099 1774 testimonia
1124 1709 1156 1774 in
1183 1733 1274 1777 unum

28 1837 38 1850 -
95 1811 208 1862 temere
231 1795 469 1883 conglutinasse:
513 1799 583 1858 sunt
608 1799 706 1856 autem
733 1792 793 1856 aha
822 1813 878 1878 quo
898 1814 934 1856 ue
956 1794 988 1857 in
1009 1795 1065 1858 boe
1087 1794 1198 1859 scholio
1221 1796 1273 1861 ad·

95 1881 213 1948 modum
251 1881 431 1970 perturbata.
479 1875 559 1943 Mihi
590 1878 684 1965 igitur
716 1878 781 1942 veri
815 1813 993 1950 simillimum
1026 1879 1143 1942 videtur
1174 1881 1273 1946 Dioti·

94 1987 173 2034 mum
195 1967 277 2030 inter
299 1963 394 2030 Cerco
416 1985 448 2028 as
471 1964 609 2029 retulisse
637 1963 723 2027 Clam
750 1969 781 2026 et
809 1960 1009 2049 Eurybatum3
1045 1961 1199 2028 Cratinum
1221 1987 1273 2030 au·

95 2061 171 2133 tem,
195 2073 261 2115 cum
282 2048 374 2114 vellet
393 1987 527 2114 domines
549 2047 764 2129 fraudulentae,
786 2055 938 2128 versutoS,
960 2047 1082 2112 fallaces
1105 2051 1273 2136 exagitare,
1307 2043 1311 2058 '

98 2144 236 2222 tanquam
259 2133 408 2223 Cercopas
431 2133 627 2244 appellavisse
650 2131 742 2198 Silius
765 2139 795 2196 et
815 2131 986 2196 Triballos:
1016 2133 1189 2218 dixeratque
1210 2136 1273 2200 lor·

15 2227 21 2238 '
97 2229 177 2286 tasse
208 2221 321 2294 Σιλλος
346 2244 378 2283 τε
405 2244 455 2282 και
491 2216 666 2298 Τριβαλλδς
691 2217 741 2281 vel
772 2217 848 2303 quod
875 2218 995 2306 propius
1018 2219 1105 2283 etiam
1127 2221 1163 2284 ab
1187 2220 1274 2285 scho-

94 2307 203 2372 liastae
234 2305 334 2378 uerbis
365 2303 478 2369 recedit
506 2306 612 2368 Σίλλοι
640 2327 673 2367 τε
700 2304 750 2366 καὶ
782 2304 968 2386 Τριβαλλοίε
1011 2325 1079 2368 nam
1102 2325 1273 2391 quamquam

94 2392 152 2456 duo
180 2390 353 2480 plerumque
379 2389 517 2454 seruntur
544 2387 710 2477 Cercopes,
753 2388 836 2452 licuit
867 2387 990 2454 Cratino
1011 2389 1112 2477 plures
1140 2391 1272 2478 fingere:

94 2485 184 2562 atque
217 2477 306 2540 etiam
337 2474 489 2540 Diodorus
515 2473 569 2543 lv.
595 2475 647 2548 31.
673 2473 773 2562 plures
800 2474 895 2538 luisse
916 2474 1068 2562 perldbet:
1114 2475 1197 2550 Ταδς
1217 2475 1274 2556 μὲν

92 2562 154 2646 γὰρ
179 2559 423 2642 δνομαζομίνοας
445 2559 630 2642 Κέρκωπας,
666 2555 870 2645 λῃστεύοντας
896 2561 947 2622 καὶ
970 2557 1069 2622 πολλὰ
1090 2559 1170 2624 κακὰ
1192 2563 1275 2648 διερ-

93 2647 299 2732 γαζομένους,
323 2641 376 2720 οὓς
396 2644 452 2724 μὲν
477 2644 657 2720 ἀπέκτεινεν,
682 2641 735 2717 elic
756 2644 790 2708 δὲ
812 2641 970 2727 ζωγρήσας
990 2645 1169 2723 δεδεμένους
1190 2671 1273 2730 τιαρ-

95 2734 190 2797 ἔδωκε
217 2735 256 2813 τῆ
281 2726 437 2815 Ὀμφάλῃ.
480 2728 550 2794 Silli
576 2737 672 2795 autern
701 2749 809 2794 nomen
836 2730 885 2815 qui
905 2737 1024 2818 praeter
1045 2728 1199 2796 Cratinum
1221 2734 1274 2798 tri-

96 2818 196 2882 buerit
218 2793 401 2904 Cercopibus
424 2815 495 2880 novi
515 2815 678 2895 nemiuem,
722 2814 776 2878 sed
806 2823 853 2879 est
878 2815 1000 2901 ingenio
1021 2815 1138 2882 illorum
1161 2838 1273 2882 accom-

101 2902 344 2966 modatissimum:
387 2899 526 2965 convenit
557 2900 664 2987 optime
703 2898 834 2974 alterum}
860 2920 985 2981 nornen,
1028 2907 1061 2964 ut
1085 2901 1196 2975 Σιλλδς
1227 2909 1274 2969 est

103 2992 249 3064 derisor,
290 2987 332 3050 ita
356 2987 531 3070 Τρίβαλλος
552 3005 664 3069 quoque
686 2984 770 3068 quasi
790 2984 974 3072 sycophanta
1004 2991 1034 3049 et
1053 2985 1202 3074 improbus
1225 3009 1273 3054 ca-

98 3071 259 3137 lumniator
291 3070 380 3135 audit.
437 3069 586 3152 Triballi,
633 3089 710 3156 gens
742 3067 894 3134 Thraciae
929 3069 1021 3157 longe
1051 3071 1214 3136 fortissima
1243 3079 1274 3138 et

96 3157 287 3223 ferocissima
315 3157 387 3238 fuit,
421 3155 475 3219 sed
502 3154 620 3236 eadem,
655 3161 687 3218 ut
714 3155 805 3218 ceteri
832 3153 984 3220 Thraciae
1004 3155 1121 3244 populi,
1154 3157 1221 3222 sera
1243 3165 1274 3224 et

94 3264 203 3332 parum
238 3241 402 3306 liberahter
438 3239 563 3304 exculta.
624 3237 690 3304 llos
722 3246 842 3328 propter
874 3240 1055 3327 importunos
1083 3247 1113 3305 et
1139 3243 1273 3308 incondi-
1308 3259 1311 3264 ’

94 3336 142 3393 los
181 3347 281 3392 mores
314 3347 403 3414 saepe
435 3326 538 3390 comici
565 3331 757 3407 notaverunt,
799 3332 831 3390 ut
859 3322 967 3391 Alexis
993 3327 1026 3390 in
1056 3324 1167 3393 Somno
1195 3328 1272 3420 apud

95 3411 211 3478 Athen.
233 3409 302 3480 XV.
323 3433 352 3499 p.
374 3409 511 3476 671.D:

189 3493 270 3562 Οὐδ’
294 3497 327 3561 ἓν
350 3499 538 3580 Τριβαλλοῖς
558 3489 656 3558 tubuel
676 3492 718 3579 γ’,
732 3495 815 3560 ἐστὶν
835 3490 962 3578 ἔννομα·

189 3571 238 3647 Ob
260 3583 337 3666 φασδ
359 3581 412 3646 τὸν
432 3576 552 3644 θύοντα
574 3589 638 3655 τοῖς
659 3579 852 3662 κεκλημένοις

185 3665 329 3742 Δεδξαντ’
354 3668 428 3730 ἰδεῖν
448 3665 484 3730 τὸ
506 3668 639 3742 δεῖπνον,
666 3668 708 3741 εἰς
729 3665 785 3748 τὴν
806 3662 913 3748 αδριον
1013 3745 1015 3748 Ι

185 3754 310 3815 Πωλεῖν
331 3749 483 3826 ἀδείπνοις
504 3748 580 3830 ἅπερ
599 3749 685 3831 ἔθηκ’
706 3751 811 3828 αὐτοῖς
833 3753 917 3815 ἰδεῖν.

93 3836 140 3902 Et
161 3834 381 3925 Aristophanes
403 3835 737 3902 ineximiaillaAviunr
749 3837 909 3917 comoedia,
929 3835 979 3899 ubi
990 3833 1217 3902 Atheniensium
1229 3838 1272 3904 le·

93 3924 221 3988 vitatem
242 3931 272 3986 et
293 3923 443 3986 audaciam
462 3922 495 3985 in
510 3921 696 3986 admittendis
713 3923 799 3986 novis
822 3922 877 3986 reli
902 3922 1032 4002 onibus,
1055 3922 1189 3988 barbaris
1211 3923 1271 3990 illis
1352 3957 1355 3964 ⁴

95 4007 379 4108 quidemetloedis,
400 4008 545 4108 exagitat,
564 4006 733 4106 Triballnum
743 4007 868 4108 aliquem
903 4029 967 4072 eum
978 4007 1103 4072 inducit:
1125 4029 1193 4074 nam
1207 4031 1272 4074 cum

94 4091 749 4260 {dlii-‘tltllhfflltldldtdllt
762 4114 907 4242 stlat
925 4091 1272 4266 llltltttllllu

95 4271 159 4345 tur,
180 4264 223 4328 ita
243 4271 276 4328 ut
290 4262 414 4348 denique
429 4263 580 4352 diiinopia
595 4285 707 4328 summa
719 4265 852 4328 commoti
874 4264 989 4412 lapptos
1001 4263 1150 4328 mitterent
1170 4266 1205 4330 ad
1218 4265 1272 4329 Pi·

98 4348 292 4422 sthetaerumz
303 4347 481 4436 legaverunt
491 4358 586 4414 autem
601 4349 646 4414 illi
658 4349 836 4438 Neptunum,
848 4345 907 4412 Tri
946 4348 1027 4429 llum,
1040 4347 1210 4432 Herculem,
1222 4351 1272 4437 qui

99 4434 235 4518 qumrvis
242 4441 427 4525 repugnante
434 4435 583 4526 Neptuno,
593 4433 816 4525 tandempacem
821 4433 979 4504 conciliant
987 4433 1043 4502 hac
1049 4435 1226 4521 conditione,
1239 4441 1272 4504 ut
