<?xml version="1.0" encoding="UTF-8"?>
<!DOCTYPE html PUBLIC "-//W3C//DTD XHTML 1.0 Transitional//EN"
    "http://www.w3.org/TR/xhtml1/DTD/xhtml1-transitional.dtd">
<html xmlns="http://www.w3.org/1999/xhtml" xml:lang="en" lang="en">
 <head>
  <title>
</title>
<meta http-equiv="Content-Type" content="text/html;charset=utf-8" />
  <meta name='ocr-system' content='tesseract 3.04.00' />
  <meta name='ocr-capabilities' content='ocr_page ocr_carea ocr_par ocr_line ocrx_word'/>
</head>
<body>
  <div class='ocr_page' id='page_1' title='image "./commentationumd00kggoog_0244.png"; bbox 0 0 3096 5062; ppageno 0'>
   <div class='ocr_carea' id='block_1_1' title="bbox 356 354 1422 453">
    <p class='ocr_par' dir='ltr' id='par_1_1' title="bbox 356 354 1422 453">
     <span class='ocr_line' id='line_1_1' title="bbox 356 354 1422 453; baseline -0.016 -27"><span class='ocrx_word' id='word_1_1' title='bbox 356 357 416 428; x_wconf 81' lang='lat' dir='ltr'>llll</span> <span class='ocrx_word' id='word_1_2' title='bbox 440 357 583 434; x_wconf 77' lang='lat' dir='ltr'><strong>RELIQ.</strong></span> <span class='ocrx_word' id='word_1_3' title='bbox 604 354 920 424; x_wconf 73' lang='lat' dir='ltr'>centonum.</span> <span class='ocrx_word' id='word_1_4' title='bbox 939 355 1087 433; x_wconf 72' lang='lat' dir='ltr'><strong>ANTIO.</strong></span> <span class='ocrx_word' id='word_1_5' title='bbox 1234 361 1297 424; x_wconf 72' lang='grc'>239</span> <span class='ocrx_word' id='word_1_6' title='bbox 1394 391 1422 453; x_wconf 39' lang='grc'>..</span> 
     </span>
    </p>
   </div>
   <div class='ocr_carea' id='block_1_2' title="bbox 131 521 1409 3333">
    <p class='ocr_par' dir='ltr' id='par_1_2' title="bbox 131 521 1409 3333">
     <span class='ocr_line' id='line_1_2' title="bbox 133 521 1299 674; baseline -0.003 -78"><span class='ocrx_word' id='word_1_7' title='bbox 133 531 167 596; x_wconf 77' lang='lat' dir='ltr'>ul</span> <span class='ocrx_word' id='word_1_8' title='bbox 186 527 293 613; x_wconf 74' lang='grc' dir='ltr'><strong><em>ἡδοναί</em></strong></span> <span class='ocrx_word' id='word_1_9' title='bbox 315 531 419 674; x_wconf 68' lang='lat' dir='ltr'>antip</span> <span class='ocrx_word' id='word_1_10' title='bbox 440 526 560 608; x_wconf 85' lang='grc' dir='ltr'><strong><em>μείζους</em></strong></span> <span class='ocrx_word' id='word_1_11' title='bbox 582 526 632 590; x_wconf 83' lang='grc' dir='ltr'><strong><em>καί</em></strong></span> <span class='ocrx_word' id='word_1_12' title='bbox 655 521 877 610; x_wconf 79' lang='grc' dir='ltr'><strong><em>σφοδροτίραι·</em></strong></span> <span class='ocrx_word' id='word_1_13' title='bbox 904 523 980 610; x_wconf 80' lang='grc' dir='ltr'><strong><em>πρὸς</em></strong></span> <span class='ocrx_word' id='word_1_14' title='bbox 999 524 1059 610; x_wconf 76' lang='grc' dir='ltr'>γὰρ</span> <span class='ocrx_word' id='word_1_15' title='bbox 1079 525 1136 604; x_wconf 84' lang='grc' dir='ltr'><strong><em>τδς</em></strong></span> <span class='ocrx_word' id='word_1_16' title='bbox 1156 524 1299 611; x_wconf 82' lang='grc' dir='ltr'><strong><em>δυνάμεις</em></strong></span> 
     </span>
     <span class='ocr_line' id='line_1_3' title="bbox 132 607 1298 698; baseline -0.001 -17"><span class='ocrx_word' id='word_1_17' title='bbox 132 613 368 689; x_wconf 63' lang='lat' dir='ltr'>anteferenda</span> <span class='ocrx_word' id='word_1_18' title='bbox 416 607 589 686; x_wconf 85' lang='grc' dir='ltr'><strong><em>πολαύσεις.</em></strong></span> <span class='ocrx_word' id='word_1_19' title='bbox 633 609 698 674; x_wconf 86' lang='grc' dir='ltr'>Ηοο</span> <span class='ocrx_word' id='word_1_20' title='bbox 723 609 801 674; x_wconf 89' lang='lat' dir='ltr'>idem</span> <span class='ocrx_word' id='word_1_21' title='bbox 828 611 976 698; x_wconf 86' lang='lat' dir='ltr'>optavisse</span> <span class='ocrx_word' id='word_1_22' title='bbox 1002 611 1213 695; x_wconf 77' lang='lat' dir='ltr'>Melambium,</span> <span class='ocrx_word' id='word_1_23' title='bbox 1238 622 1298 680; x_wconf 88' lang='lat' dir='ltr'>tra·</span> 
     </span>
     <span class='ocr_line' id='line_1_4' title="bbox 157 693 1298 788; baseline 0 -24"><span class='ocrx_word' id='word_1_24' title='bbox 157 702 231 764; x_wconf 85' lang='lat' dir='ltr'>&#39;cum</span> <span class='ocrx_word' id='word_1_25' title='bbox 252 707 378 788; x_wconf 89' lang='lat' dir='ltr'>poetam,</span> <span class='ocrx_word' id='word_1_26' title='bbox 400 696 550 782; x_wconf 84' lang='lat' dir='ltr'>aequalem</span> <span class='ocrx_word' id='word_1_27' title='bbox 574 693 659 760; x_wconf 90' lang='lat' dir='ltr'>huius</span> <span class='ocrx_word' id='word_1_28' title='bbox 681 693 853 774; x_wconf 86' lang='lat' dir='ltr'>Philoxeni,</span> <span class='ocrx_word' id='word_1_29' title='bbox 873 695 968 760; x_wconf 85' lang='lat' dir='ltr'><strong>refert</strong></span> <span class='ocrx_word' id='word_1_30' title='bbox 988 695 1161 763; x_wconf 78' lang='lat' dir='ltr'>Athenaeus</span> <span class='ocrx_word' id='word_1_31' title='bbox 1179 698 1298 764; x_wconf 78' lang='lat' dir='ltr'>ibidem.</span> 
     </span>
     <span class='ocr_line' id='line_1_5' title="bbox 161 778 1297 852; baseline -0.002 -2"><span class='ocrx_word' id='word_1_32' title='bbox 161 785 302 850; x_wconf 83' lang='lat' dir='ltr'>hiloxeno</span> <span class='ocrx_word' id='word_1_33' title='bbox 331 803 404 848; x_wconf 75' lang='lat' dir='ltr'>vero</span> <span class='ocrx_word' id='word_1_34' title='bbox 436 781 567 846; x_wconf 86' lang='lat' dir='ltr'>vindieat</span> <span class='ocrx_word' id='word_1_35' title='bbox 598 781 685 844; x_wconf 86' lang='lat' dir='ltr'>etiam</span> <span class='ocrx_word' id='word_1_36' title='bbox 711 778 890 843; x_wconf 82' lang='lat' dir='ltr'>Aristoteles</span> <span class='ocrx_word' id='word_1_37' title='bbox 923 779 1073 846; x_wconf 88' lang='lat' dir='ltr'>Problem.</span> <span class='ocrx_word' id='word_1_38' title='bbox 1099 781 1242 852; x_wconf 86' lang='lat' dir='ltr'>XXVlll.</span> <span class='ocrx_word' id='word_1_39' title='bbox 1261 787 1297 848; x_wconf 72' lang='lat'>72</span> 
     </span>
     <span class='ocr_line' id='line_1_6' title="bbox 132 855 1299 970; baseline -0.005 -36"><span class='ocrx_word' id='word_1_40' title='bbox 132 869 199 936; x_wconf 86' lang='grc' dir='ltr'>Διά</span> <span class='ocrx_word' id='word_1_41' title='bbox 220 871 251 933; x_wconf 88' lang='grc' dir='ltr'><strong><em>τί</em></strong></span> <span class='ocrx_word' id='word_1_42' title='bbox 276 869 305 932; x_wconf 81' lang='lat' dir='ltr'>ol</span> <span class='ocrx_word' id='word_1_43' title='bbox 326 865 406 932; x_wconf 75' lang='lat' dir='ltr'>aurel</span> <span class='ocrx_word' id='word_1_44' title='bbox 431 865 488 948; x_wconf 81' lang='grc' dir='ltr'>τὴν</span> <span class='ocrx_word' id='word_1_45' title='bbox 508 871 563 948; x_wconf 81' lang='grc' dir='ltr'><strong><em>τῆς</em></strong></span> <span class='ocrx_word' id='word_1_46' title='bbox 583 860 667 946; x_wconf 80' lang='grc' dir='ltr'>ἀφῆς</span> <span class='ocrx_word' id='word_1_47' title='bbox 687 861 706 945; x_wconf 80' lang='grc' dir='ltr'><strong><em>ἢ</em></strong></span> <span class='ocrx_word' id='word_1_48' title='bbox 727 860 856 970; x_wconf 88' lang='grc' dir='ltr'><strong><em>γεύσεως</em></strong></span> <span class='ocrx_word' id='word_1_49' title='bbox 875 859 1002 947; x_wconf 78' lang='grc' dir='ltr'><strong><em>ἡδονήν,</em></strong></span> <span class='ocrx_word' id='word_1_50' title='bbox 1033 855 1070 928; x_wconf 80' lang='grc' dir='ltr'>ού</span> <span class='ocrx_word' id='word_1_51' title='bbox 1091 863 1129 928; x_wconf 82' lang='grc' dir='ltr'>ἀν</span> <span class='ocrx_word' id='word_1_52' title='bbox 1149 863 1299 952; x_wconf 74' lang='grc' dir='ltr'><strong><em>ὑπερβαλ-</em></strong></span> 
     </span>
     <span class='ocr_line' id='line_1_7' title="bbox 133 947 1299 1036; baseline -0.003 -16"><span class='ocrx_word' id='word_1_53' title='bbox 133 961 228 1020; x_wconf 81' lang='grc' dir='ltr'><strong><em>λωσιν</em></strong></span> <span class='ocrx_word' id='word_1_54' title='bbox 248 952 390 1036; x_wconf 76' lang='grc' dir='ltr'>ἀκρατεῖς</span> <span class='ocrx_word' id='word_1_55' title='bbox 410 949 568 1034; x_wconf 61' lang='lat' dir='ltr'>adportet,</span> <span class='ocrx_word' id='word_1_56' title='bbox 594 949 626 1013; x_wconf 71' lang='grc' dir='ltr'>οἵ</span> <span class='ocrx_word' id='word_1_57' title='bbox 644 972 675 1012; x_wconf 90' lang='grc' dir='ltr'>τε</span> <span class='ocrx_word' id='word_1_58' title='bbox 700 972 759 1031; x_wconf 92' lang='grc' dir='ltr'><strong><em>γαρ</em></strong></span> <span class='ocrx_word' id='word_1_59' title='bbox 781 949 847 1033; x_wconf 85' lang='grc' dir='ltr'><strong><em>περί</em></strong></span> <span class='ocrx_word' id='word_1_60' title='bbox 870 947 908 1012; x_wconf 79' lang='grc' dir='ltr'><strong><em>τὰ</em></strong></span> <span class='ocrx_word' id='word_1_61' title='bbox 936 949 1104 1034; x_wconf 76' lang='grc' dir='ltr'><strong><em>ἀφροδίσια</em></strong></span> <span class='ocrx_word' id='word_1_62' title='bbox 1125 948 1299 1028; x_wconf 77' lang='grc' dir='ltr'><strong><em>ἀκόλαστοι,</em></strong></span> 
     </span>
     <span class='ocr_line' id='line_1_8' title="bbox 132 1030 1301 1124; baseline -0.004 -19"><span class='ocrx_word' id='word_1_63' title='bbox 132 1041 165 1105; x_wconf 87' lang='lat' dir='ltr'>o‘l</span> <span class='ocrx_word' id='word_1_64' title='bbox 183 1063 215 1104; x_wconf 86' lang='grc' dir='ltr'>τε</span> <span class='ocrx_word' id='word_1_65' title='bbox 236 1039 303 1121; x_wconf 77' lang='grc' dir='ltr'><strong><em>περὶ</em></strong></span> <span class='ocrx_word' id='word_1_66' title='bbox 325 1036 381 1112; x_wconf 84' lang='grc' dir='ltr'><strong><em>τὰς</em></strong></span> <span class='ocrx_word' id='word_1_67' title='bbox 406 1042 460 1118; x_wconf 82' lang='grc' dir='ltr'><strong><em>τῆς</em></strong></span> <span class='ocrx_word' id='word_1_68' title='bbox 480 1037 599 1118; x_wconf 76' lang='grc' dir='ltr'><strong><em>τροφῆς</em></strong></span> <span class='ocrx_word' id='word_1_69' title='bbox 618 1030 820 1108; x_wconf 88' lang='grc' dir='ltr'><strong><em>ἀπολαύσεις·</em></strong></span> <span class='ocrx_word' id='word_1_70' title='bbox 848 1038 909 1096; x_wconf 84' lang='grc' dir='ltr'>τῶν</span> <span class='ocrx_word' id='word_1_71' title='bbox 935 1035 970 1099; x_wconf 74' lang='grc' dir='ltr'>δὲ</span> <span class='ocrx_word' id='word_1_72' title='bbox 994 1035 1074 1100; x_wconf 82' lang='grc' dir='ltr'><strong><em>κατά</em></strong></span> <span class='ocrx_word' id='word_1_73' title='bbox 1102 1036 1157 1119; x_wconf 78' lang='grc' dir='ltr'>τὴν</span> <span class='ocrx_word' id='word_1_74' title='bbox 1181 1037 1301 1124; x_wconf 68' lang='grc' dir='ltr'><strong><em>τροφὴν</em></strong></span> 
     </span>
     <span class='ocr_line' id='line_1_9' title="bbox 131 1111 1299 1208; baseline -0.005 -18"><span class='ocrx_word' id='word_1_75' title='bbox 131 1123 188 1190; x_wconf 76' lang='grc' dir='ltr'>ἀπ’</span> <span class='ocrx_word' id='word_1_76' title='bbox 212 1125 299 1188; x_wconf 71' lang='grc' dir='ltr'><strong><em>ἐνίων</em></strong></span> <span class='ocrx_word' id='word_1_77' title='bbox 317 1122 373 1202; x_wconf 81' lang='grc' dir='ltr'>μείι</span> <span class='ocrx_word' id='word_1_78' title='bbox 394 1122 426 1185; x_wconf 74' lang='grc' dir='ltr'>ἓν</span> <span class='ocrx_word' id='word_1_79' title='bbox 446 1125 484 1204; x_wconf 79' lang='grc' dir='ltr'><strong><em>τῇ</em></strong></span> <span class='ocrx_word' id='word_1_80' title='bbox 504 1115 623 1204; x_wconf 75' lang='grc' dir='ltr'><strong><em>γλώττῃ</em></strong></span> <span class='ocrx_word' id='word_1_81' title='bbox 649 1119 685 1182; x_wconf 90' lang='grc' dir='ltr'><strong><em>τὸ</em></strong></span> <span class='ocrx_word' id='word_1_82' title='bbox 706 1111 781 1198; x_wconf 69' lang='grc' dir='ltr'><strong><em>ἡδύ·</em></strong></span> <span class='ocrx_word' id='word_1_83' title='bbox 803 1115 859 1182; x_wconf 79' lang='grc' dir='ltr'>ἀπ’</span> <span class='ocrx_word' id='word_1_84' title='bbox 883 1119 969 1183; x_wconf 71' lang='grc' dir='ltr'><strong><em>ἐνίων</em></strong></span> <span class='ocrx_word' id='word_1_85' title='bbox 990 1121 1024 1184; x_wconf 74' lang='grc' dir='ltr'>δὲ</span> <span class='ocrx_word' id='word_1_86' title='bbox 1045 1123 1077 1185; x_wconf 72' lang='grc' dir='ltr'><strong><em>ἐν</em></strong></span> <span class='ocrx_word' id='word_1_87' title='bbox 1098 1125 1142 1185; x_wconf 87' lang='grc' dir='ltr'><strong><em>τῶ</em></strong></span> <span class='ocrx_word' id='word_1_88' title='bbox 1163 1120 1299 1208; x_wconf 85' lang='grc' dir='ltr'><strong><em>λάρυγγι,</em></strong></span> 
     </span>
     <span class='ocr_line' id='line_1_10' title="bbox 132 1187 1300 1288; baseline -0.003 -15"><span class='ocrx_word' id='word_1_89' title='bbox 132 1209 178 1274; x_wconf 76' lang='grc' dir='ltr'>δι’</span> <span class='ocrx_word' id='word_1_90' title='bbox 209 1206 225 1273; x_wconf 85' lang='grc' dir='ltr'><strong><em>δ</em></strong></span> <span class='ocrx_word' id='word_1_91' title='bbox 253 1209 304 1272; x_wconf 85' lang='grc' dir='ltr'><strong><em>καί</em></strong></span> <span class='ocrx_word' id='word_1_92' title='bbox 333 1200 494 1282; x_wconf 79' lang='grc' dir='ltr'><strong><em>Φιλόξενος</em></strong></span> <span class='ocrx_word' id='word_1_93' title='bbox 521 1201 649 1288; x_wconf 88' lang='grc' dir='ltr'><strong><em>γεράνου</em></strong></span> <span class='ocrx_word' id='word_1_94' title='bbox 677 1199 820 1288; x_wconf 79' lang='grc' dir='ltr'><strong><em>φάρυγγα</em></strong></span> <span class='ocrx_word' id='word_1_95' title='bbox 850 1200 952 1284; x_wconf 82' lang='grc' dir='ltr'><strong><em>εύχετο</em></strong></span> <span class='ocrx_word' id='word_1_96' title='bbox 979 1202 1065 1286; x_wconf 68' lang='grc' dir='ltr'><strong><em>δ’χειν.</em></strong></span> <span class='ocrx_word' id='word_1_97' title='bbox 1109 1187 1150 1272; x_wconf 72' lang='lat' dir='ltr'>lit</span> <span class='ocrx_word' id='word_1_98' title='bbox 1174 1207 1300 1274; x_wconf 79' lang='lat' dir='ltr'>dilucide</span> 
     </span>
     <span class='ocr_line' id='line_1_11' title="bbox 133 1286 1300 1377; baseline -0.003 -17"><span class='ocrx_word' id='word_1_99' title='bbox 133 1295 205 1361; x_wconf 87' lang='lat' dir='ltr'>dicit</span> <span class='ocrx_word' id='word_1_100' title='bbox 234 1293 312 1358; x_wconf 91' lang='lat' dir='ltr'>huno</span> <span class='ocrx_word' id='word_1_101' title='bbox 339 1289 485 1377; x_wconf 83' lang='lat' dir='ltr'>Eryxidis</span> <span class='ocrx_word' id='word_1_102' title='bbox 512 1289 601 1354; x_wconf 90' lang='lat' dir='ltr'>filium</span> <span class='ocrx_word' id='word_1_103' title='bbox 631 1308 699 1352; x_wconf 86' lang='lat' dir='ltr'>esse</span> <span class='ocrx_word' id='word_1_104' title='bbox 725 1287 758 1352; x_wconf 92' lang='lat' dir='ltr'>in</span> <span class='ocrx_word' id='word_1_105' title='bbox 785 1286 1074 1354; x_wconf 77' lang='lat' dir='ltr'>Eth.Euuem.111.</span> <span class='ocrx_word' id='word_1_106' title='bbox 1097 1295 1134 1356; x_wconf 74' lang='lat'>‘22</span> <span class='ocrx_word' id='word_1_107' title='bbox 1178 1292 1241 1358; x_wconf 87' lang='grc' dir='ltr'>Διδ</span> <span class='ocrx_word' id='word_1_108' title='bbox 1272 1293 1300 1356; x_wconf 81' lang='lat' dir='ltr'>ol</span> 
     </span>
     <span class='ocr_line' id='line_1_12' title="bbox 133 1370 1300 1465; baseline -0.003 -20"><span class='ocrx_word' id='word_1_109' title='bbox 133 1375 294 1465; x_wconf 74' lang='grc' dir='ltr'><strong><em>ὀψοφάγοι</em></strong></span> <span class='ocrx_word' id='word_1_110' title='bbox 322 1373 378 1438; x_wconf 88' lang='grc' dir='ltr'>ούκ</span> <span class='ocrx_word' id='word_1_111' title='bbox 399 1372 537 1456; x_wconf 86' lang='grc' dir='ltr'><strong><em>εύχονται</em></strong></span> <span class='ocrx_word' id='word_1_112' title='bbox 564 1371 620 1453; x_wconf 75' lang='grc' dir='ltr'>τὴν</span> <span class='ocrx_word' id='word_1_113' title='bbox 646 1376 785 1456; x_wconf 86' lang='grc' dir='ltr'><strong><em>γλῶτταν</em></strong></span> <span class='ocrx_word' id='word_1_114' title='bbox 805 1370 883 1452; x_wconf 72' lang='grc' dir='ltr'><strong><em>ἴχειν</em></strong></span> <span class='ocrx_word' id='word_1_115' title='bbox 900 1373 1038 1459; x_wconf 85' lang='grc' dir='ltr'><strong><em>μακράν,</em></strong></span> <span class='ocrx_word' id='word_1_116' title='bbox 1066 1373 1146 1440; x_wconf 81' lang='grc' dir='ltr'><strong><em>ἀλλὰ</em></strong></span> <span class='ocrx_word' id='word_1_117' title='bbox 1167 1375 1220 1440; x_wconf 81' lang='grc' dir='ltr'>τὸν</span> <span class='ocrx_word' id='word_1_118' title='bbox 1240 1373 1300 1463; x_wconf 86' lang='grc' dir='ltr'>φά·</span> 
     </span>
     <span class='ocr_line' id='line_1_13' title="bbox 133 1453 1300 1548; baseline -0.001 -22"><span class='ocrx_word' id='word_1_119' title='bbox 133 1488 230 1548; x_wconf 88' lang='grc' dir='ltr'><strong><em>ρυγγα</em></strong></span> <span class='ocrx_word' id='word_1_120' title='bbox 251 1457 387 1546; x_wconf 80' lang='grc' dir='ltr'><strong><em>γεράνου,</em></strong></span> <span class='ocrx_word' id='word_1_121' title='bbox 409 1455 510 1540; x_wconf 78' lang='grc' dir='ltr'><strong><em>ὥσπερ</em></strong></span> <span class='ocrx_word' id='word_1_122' title='bbox 522 1455 684 1533; x_wconf 80' lang='grc' dir='ltr'><strong><em>Φιλόξενος</em></strong></span> <span class='ocrx_word' id='word_1_123' title='bbox 705 1453 722 1522; x_wconf 81' lang='grc' dir='ltr'><strong>ὅ</strong></span> <span class='ocrx_word' id='word_1_124' title='bbox 740 1455 906 1539; x_wconf 81' lang='grc' dir='ltr'><strong><em>Ἐρύξιδος.</em></strong></span> <span class='ocrx_word' id='word_1_125' title='bbox 927 1467 959 1524; x_wconf 90' lang='lat' dir='ltr'>et</span> <span class='ocrx_word' id='word_1_126' title='bbox 978 1481 1083 1526; x_wconf 82' lang='lat' dir='ltr'>rursus</span> <span class='ocrx_word' id='word_1_127' title='bbox 1105 1460 1300 1528; x_wconf 80' lang='lat' dir='ltr'>Etthcom.</span> 
     </span>
     <span class='ocr_line' id='line_1_14' title="bbox 131 1538 1409 1631; baseline -0.003 -18"><span class='ocrx_word' id='word_1_128' title='bbox 131 1549 189 1614; x_wconf 89' lang='lat' dir='ltr'>Ill.</span> <span class='ocrx_word' id='word_1_129' title='bbox 211 1548 268 1612; x_wconf 81' lang='lat'>10:</span> <span class='ocrx_word' id='word_1_130' title='bbox 305 1542 367 1610; x_wconf 81' lang='grc' dir='ltr'>Διό</span> <span class='ocrx_word' id='word_1_131' title='bbox 394 1545 445 1608; x_wconf 83' lang='grc' dir='ltr'><strong><em>καί</em></strong></span> <span class='ocrx_word' id='word_1_132' title='bbox 473 1538 627 1626; x_wconf 81' lang='grc' dir='ltr'><strong><em>ἠξιώσατό</em></strong></span> <span class='ocrx_word' id='word_1_133' title='bbox 656 1565 703 1618; x_wconf 89' lang='grc' dir='ltr'><strong><em>τις</em></strong></span> <span class='ocrx_word' id='word_1_134' title='bbox 733 1539 895 1619; x_wconf 82' lang='grc' dir='ltr'><strong><em>Φιλόξενος</em></strong></span> <span class='ocrx_word' id='word_1_135' title='bbox 917 1541 1046 1628; x_wconf 62' lang='lat' dir='ltr'>&#39;nautae</span> <span class='ocrx_word' id='word_1_136' title='bbox 1073 1545 1108 1629; x_wconf 91' lang='lat' dir='ltr'>(l.</span> <span class='ocrx_word' id='word_1_137' title='bbox 1131 1543 1300 1631; x_wconf 76' lang='grc' dir='ltr'><strong><em>Ἐρύξιδοςλ</em></strong></span> <span class='ocrx_word' id='word_1_138' title='bbox 1405 1553 1409 1562; x_wconf 74' lang='grc'><em>’</em></span> 
     </span>
     <span class='ocr_line' id='line_1_15' title="bbox 133 1623 1371 1738; baseline -0.002 -43"><span class='ocrx_word' id='word_1_139' title='bbox 133 1628 298 1737; x_wconf 79' lang='grc' dir='ltr'><strong><em>ὀψοφάγος</em></strong></span> <span class='ocrx_word' id='word_1_140' title='bbox 325 1626 384 1707; x_wconf 81' lang='grc' dir='ltr'>ὤν,</span> <span class='ocrx_word' id='word_1_141' title='bbox 409 1627 464 1692; x_wconf 82' lang='grc' dir='ltr'>τὸν</span> <span class='ocrx_word' id='word_1_142' title='bbox 489 1623 631 1713; x_wconf 84' lang='grc' dir='ltr'><strong><em>φάρυγγα</em></strong></span> <span class='ocrx_word' id='word_1_143' title='bbox 659 1626 744 1714; x_wconf 81' lang='grc' dir='ltr'><strong><em>αύτῷ</em></strong></span> <span class='ocrx_word' id='word_1_144' title='bbox 772 1625 963 1711; x_wconf 85' lang='grc' dir='ltr'><strong><em>μακρότερον</em></strong></span> <span class='ocrx_word' id='word_1_145' title='bbox 982 1625 1117 1738; x_wconf 87' lang='grc' dir='ltr'><strong><em>γεράνου</em></strong></span> <span class='ocrx_word' id='word_1_146' title='bbox 1143 1623 1301 1715; x_wconf 74' lang='grc' dir='ltr'><strong><em>γενίσθαι,</em></strong></span> <span class='ocrx_word' id='word_1_147' title='bbox 1368 1629 1371 1640; x_wconf 81' lang='lat'>&#39;</span> 
     </span>
     <span class='ocr_line' id='line_1_16' title="bbox 131 1708 1301 1800; baseline 0.001 -21"><span class='ocrx_word' id='word_1_148' title='bbox 131 1715 174 1795; x_wconf 85' lang='grc' dir='ltr'>ὡς</span> <span class='ocrx_word' id='word_1_149' title='bbox 202 1713 350 1800; x_wconf 86' lang='grc' dir='ltr'><strong><em>ηδόμενος</em></strong></span> <span class='ocrx_word' id='word_1_150' title='bbox 374 1719 412 1800; x_wconf 85' lang='grc' dir='ltr'><strong><em>τῇ</em></strong></span> <span class='ocrx_word' id='word_1_151' title='bbox 440 1709 522 1798; x_wconf 80' lang='grc' dir='ltr'><strong><em>ἀφῇ,</em></strong></span> <span class='ocrx_word' id='word_1_152' title='bbox 554 1708 714 1798; x_wconf 80' lang='grc' dir='ltr'><strong><em>κοινοτάτῃ</em></strong></span> <span class='ocrx_word' id='word_1_153' title='bbox 742 1710 781 1794; x_wconf 75' lang='grc' dir='ltr'>δὴ</span> <span class='ocrx_word' id='word_1_154' title='bbox 807 1719 868 1776; x_wconf 83' lang='grc' dir='ltr'>τῶν</span> <span class='ocrx_word' id='word_1_155' title='bbox 895 1716 1085 1798; x_wconf 76' lang='grc' dir='ltr'><strong><em>αίσθησεων,</em></strong></span> <span class='ocrx_word' id='word_1_156' title='bbox 1114 1717 1193 1780; x_wconf 80' lang='grc' dir='ltr'><strong><em>καθ’</em></strong></span> <span class='ocrx_word' id='word_1_157' title='bbox 1216 1714 1255 1800; x_wconf 79' lang='grc' dir='ltr'>ἢν</span> <span class='ocrx_word' id='word_1_158' title='bbox 1282 1713 1301 1796; x_wconf 72' lang='grc' dir='ltr'>ἡ</span> 
     </span>
     <span class='ocr_line' id='line_1_17' title="bbox 131 1797 1302 1886; baseline -0.001 -18"><span class='ocrx_word' id='word_1_159' title='bbox 131 1802 292 1868; x_wconf 80' lang='grc' dir='ltr'><strong><em>ἀκολασία.</em></strong></span> <span class='ocrx_word' id='word_1_160' title='bbox 315 1798 455 1874; x_wconf 78' lang='lat' dir='ltr'>Quamvis</span> <span class='ocrx_word' id='word_1_161' title='bbox 477 1804 572 1862; x_wconf 87' lang='lat' dir='ltr'>autem</span> <span class='ocrx_word' id='word_1_162' title='bbox 594 1797 697 1862; x_wconf 91' lang='lat' dir='ltr'>horum</span> <span class='ocrx_word' id='word_1_163' title='bbox 719 1797 1011 1886; x_wconf 82' lang='lat' dir='ltr'>locupletissimorum</span> <span class='ocrx_word' id='word_1_164' title='bbox 1043 1808 1192 1866; x_wconf 86' lang='lat' dir='ltr'>auctorum</span> <span class='ocrx_word' id='word_1_165' title='bbox 1219 1803 1302 1867; x_wconf 89' lang='lat' dir='ltr'>testi·</span> 
     </span>
     <span class='ocr_line' id='line_1_18' title="bbox 131 1881 1301 1974; baseline -0.002 -20"><span class='ocrx_word' id='word_1_166' title='bbox 131 1887 231 1955; x_wconf 89' lang='lat' dir='ltr'>monio</span> <span class='ocrx_word' id='word_1_167' title='bbox 258 1891 388 1965; x_wconf 83' lang='lat' dir='ltr'>constet,</span> <span class='ocrx_word' id='word_1_168' title='bbox 414 1884 493 1948; x_wconf 86' lang='lat' dir='ltr'>hunc</span> <span class='ocrx_word' id='word_1_169' title='bbox 513 1881 712 1947; x_wconf 84' lang='lat' dir='ltr'>Philoxenum</span> <span class='ocrx_word' id='word_1_170' title='bbox 739 1881 766 1946; x_wconf 86' lang='lat' dir='ltr'><strong>E</strong></span> <span class='ocrx_word' id='word_1_171' title='bbox 828 1883 885 1948; x_wconf 89' lang='lat' dir='ltr'>idis</span> <span class='ocrx_word' id='word_1_172' title='bbox 914 1884 1005 1950; x_wconf 89' lang='lat' dir='ltr'>tilium</span> <span class='ocrx_word' id='word_1_173' title='bbox 1031 1886 1169 1974; x_wconf 79' lang='lat' dir='ltr'>galonem</span> <span class='ocrx_word' id='word_1_174' title='bbox 1197 1886 1301 1960; x_wconf 84' lang='lat' dir='ltr'>fuisso,</span> 
     </span>
     <span class='ocr_line' id='line_1_19' title="bbox 131 1965 1301 2146; baseline 0 -24"><span class='ocrx_word' id='word_1_175' title='bbox 131 1993 225 2146; x_wconf 60' lang='lat' dir='ltr'>hid</span> <span class='ocrx_word' id='word_1_176' title='bbox 247 1965 562 2120; x_wconf 58' lang='lat' dir='ltr'>hhhhlhlll</span> <span class='ocrx_word' id='word_1_177' title='bbox 584 1965 790 2137; x_wconf 62' lang='lat' dir='ltr'>llud,</span> <span class='ocrx_word' id='word_1_178' title='bbox 805 1967 1301 2139; x_wconf 46' lang='lat' dir='ltr'>hpgpnupupappppepppg</span> 
     </span>
     <span class='ocr_line' id='line_1_20' title="bbox 131 2135 1302 2229; baseline -0.002 -20"><span class='ocrx_word' id='word_1_179' title='bbox 131 2141 291 2209; x_wconf 77' lang='lat' dir='ltr'>Mathonis</span> <span class='ocrx_word' id='word_1_180' title='bbox 318 2137 420 2204; x_wconf 84' lang='lat' dir='ltr'>comici</span> <span class='ocrx_word' id='word_1_181' title='bbox 447 2135 612 2224; x_wconf 84' lang='lat' dir='ltr'>exemplum</span> <span class='ocrx_word' id='word_1_182' title='bbox 638 2135 738 2216; x_wconf 84' lang='lat' dir='ltr'>docet,</span> <span class='ocrx_word' id='word_1_183' title='bbox 765 2136 815 2222; x_wconf 91' lang='lat' dir='ltr'>qni</span> <span class='ocrx_word' id='word_1_184' title='bbox 842 2137 898 2204; x_wconf 86' lang='lat' dir='ltr'>hoc</span> <span class='ocrx_word' id='word_1_185' title='bbox 919 2137 1031 2228; x_wconf 90' lang='lat' dir='ltr'>ipsum,</span> <span class='ocrx_word' id='word_1_186' title='bbox 1059 2141 1135 2228; x_wconf 89' lang='lat' dir='ltr'>quod</span> <span class='ocrx_word' id='word_1_187' title='bbox 1155 2141 1302 2229; x_wconf 80' lang='lat' dir='ltr'>Eryxidie</span> 
     </span>
     <span class='ocr_line' id='line_1_21' title="bbox 132 2220 956 2308; baseline -0.007 -14"><span class='ocrx_word' id='word_1_188' title='bbox 132 2229 226 2294; x_wconf 87' lang='lat' dir='ltr'>filium</span> <span class='ocrx_word' id='word_1_189' title='bbox 248 2225 362 2292; x_wconf 81' lang='lat' dir='ltr'>dixisse</span> <span class='ocrx_word' id='word_1_190' title='bbox 384 2229 513 2303; x_wconf 87' lang='lat' dir='ltr'>oonstat,</span> <span class='ocrx_word' id='word_1_191' title='bbox 542 2221 574 2284; x_wconf 93' lang='lat' dir='ltr'>in</span> <span class='ocrx_word' id='word_1_192' title='bbox 596 2220 771 2308; x_wconf 75' lang='lat' dir='ltr'>cytherium</span> <span class='ocrx_word' id='word_1_193' title='bbox 793 2222 956 2288; x_wconf 77' lang='lat' dir='ltr'>transtulit:</span> 
     </span>
     <span class='ocr_line' id='line_1_22' title="bbox 174 2301 952 2411; baseline -0.001 -37"><span class='ocrx_word' id='word_1_194' title='bbox 174 2355 178 2362; x_wconf 86' lang='lat'><em>-</em></span> <span class='ocrx_word' id='word_1_195' title='bbox 221 2303 383 2385; x_wconf 77' lang='grc' dir='ltr'><strong><em>Φιλόξενός</em></strong></span> <span class='ocrx_word' id='word_1_196' title='bbox 404 2305 500 2384; x_wconf 82' lang='grc' dir='ltr'><strong><em>ποθ’,</em></strong></span> <span class='ocrx_word' id='word_1_197' title='bbox 523 2301 565 2382; x_wconf 83' lang='grc' dir='ltr'>ὡς</span> <span class='ocrx_word' id='word_1_198' title='bbox 586 2304 725 2411; x_wconf 80' lang='grc' dir='ltr'><strong><em>λίγουσ’,</em></strong></span> <span class='ocrx_word' id='word_1_199' title='bbox 748 2301 765 2370; x_wconf 82' lang='grc' dir='ltr'><strong>ὅ</strong></span> <span class='ocrx_word' id='word_1_200' title='bbox 787 2305 952 2394; x_wconf 73' lang='grc' dir='ltr'><strong><em>Κυθήριος</em></strong></span> 
     </span>
     <span class='ocr_line' id='line_1_23' title="bbox 219 2390 870 2500; baseline -0.005 -41"><span class='ocrx_word' id='word_1_201' title='bbox 219 2391 349 2471; x_wconf 81' lang='grc' dir='ltr'><strong><em>Ηύξατο</em></strong></span> <span class='ocrx_word' id='word_1_202' title='bbox 371 2399 465 2477; x_wconf 83' lang='grc' dir='ltr'><strong><em>τριῶν</em></strong></span> <span class='ocrx_word' id='word_1_203' title='bbox 487 2391 566 2473; x_wconf 66' lang='grc' dir='ltr'><strong><em>ἔχειν</em></strong></span> <span class='ocrx_word' id='word_1_204' title='bbox 586 2394 719 2500; x_wconf 72' lang='grc' dir='ltr'><strong><em>λιιγυγγα</em></strong></span> <span class='ocrx_word' id='word_1_205' title='bbox 741 2390 870 2473; x_wconf 79' lang='grc' dir='ltr'><strong><em>πηχίῳν,</em></strong></span> 
     </span>
     <span class='ocr_line' id='line_1_24' title="bbox 211 2473 999 2588; baseline -0.004 -43"><span class='ocrx_word' id='word_1_206' title='bbox 211 2479 317 2556; x_wconf 86' lang='grc' dir='ltr'><strong><em>Ὅπως</em></strong></span> <span class='ocrx_word' id='word_1_207' title='bbox 337 2479 503 2554; x_wconf 80' lang='grc' dir='ltr'><strong><em>καταπίνω,</em></strong></span> <span class='ocrx_word' id='word_1_208' title='bbox 525 2477 629 2562; x_wconf 88' lang='grc' dir='ltr'><strong><em>φησίν,</em></strong></span> <span class='ocrx_word' id='word_1_209' title='bbox 651 2501 697 2540; x_wconf 90' lang='grc' dir='ltr'><strong><em>οτι</em></strong></span> <span class='ocrx_word' id='word_1_210' title='bbox 720 2480 860 2542; x_wconf 81' lang='grc' dir='ltr'><strong><em>πλεῖστον</em></strong></span> <span class='ocrx_word' id='word_1_211' title='bbox 878 2473 999 2588; x_wconf 85' lang='grc' dir='ltr'><strong><em>χρόνον,</em></strong></span> 
     </span>
     <span class='ocr_line' id='line_1_25' title="bbox 218 2557 1044 2648; baseline -0.001 -19"><span class='ocrx_word' id='word_1_212' title='bbox 218 2569 283 2629; x_wconf 77' lang='grc' dir='ltr'><strong><em>Καὶ</em></strong></span> <span class='ocrx_word' id='word_1_213' title='bbox 306 2561 403 2628; x_wconf 82' lang='grc' dir='ltr'><strong><em>πάνθ’</em></strong></span> <span class='ocrx_word' id='word_1_214' title='bbox 428 2560 494 2642; x_wconf 75' lang='grc' dir='ltr'><strong><em>ἅμα</em></strong></span> <span class='ocrx_word' id='word_1_215' title='bbox 514 2585 569 2642; x_wconf 91' lang='grc' dir='ltr'>μοι</span> <span class='ocrx_word' id='word_1_216' title='bbox 590 2559 629 2624; x_wconf 77' lang='lat' dir='ltr'>td</span> <span class='ocrx_word' id='word_1_217' title='bbox 650 2557 802 2644; x_wconf 78' lang='grc' dir='ltr'><strong><em>βρώμαθ’</em></strong></span> <span class='ocrx_word' id='word_1_218' title='bbox 827 2557 940 2644; x_wconf 77' lang='grc' dir='ltr'><strong><em>ἣδονην</em></strong></span> <span class='ocrx_word' id='word_1_219' title='bbox 961 2567 1044 2648; x_wconf 81' lang='grc' dir='ltr'><strong><em>ποιῇ.</em></strong></span> 
     </span>
     <span class='ocr_line' id='line_1_26' title="bbox 132 2644 1302 2795; baseline -0.001 -80"><span class='ocrx_word' id='word_1_220' title='bbox 132 2651 194 2718; x_wconf 82' lang='lat' dir='ltr'>vid.</span> <span class='ocrx_word' id='word_1_221' title='bbox 216 2651 389 2715; x_wconf 81' lang='lat' dir='ltr'>Athenaeus</span> <span class='ocrx_word' id='word_1_222' title='bbox 416 2646 501 2717; x_wconf 89' lang='lat' dir='ltr'>vlll.</span> <span class='ocrx_word' id='word_1_223' title='bbox 511 2668 552 2795; x_wconf 65' lang='lat' dir='ltr'>sp.</span> <span class='ocrx_word' id='word_1_224' title='bbox 573 2645 633 2710; x_wconf 77' lang='lat' dir='ltr'>att</span> <span class='ocrx_word' id='word_1_225' title='bbox 659 2645 695 2710; x_wconf 79' lang='lat'>0.</span> <span class='ocrx_word' id='word_1_226' title='bbox 725 2645 910 2711; x_wconf 86' lang='lat' dir='ltr'>Philoxenus</span> <span class='ocrx_word' id='word_1_227' title='bbox 938 2655 1034 2712; x_wconf 85' lang='lat' dir='ltr'>antem</span> <span class='ocrx_word' id='word_1_228' title='bbox 1057 2644 1220 2734; x_wconf 79' lang='lat' dir='ltr'>Cytherius</span> <span class='ocrx_word' id='word_1_229' title='bbox 1245 2648 1302 2714; x_wconf 85' lang='lat' dir='ltr'>luit</span> 
     </span>
     <span class='ocr_line' id='line_1_27' title="bbox 132 2728 1301 2818; baseline -0.005 -15"><span class='ocrx_word' id='word_1_230' title='bbox 132 2735 290 2803; x_wconf 84' lang='lat' dir='ltr'>Eulethlae</span> <span class='ocrx_word' id='word_1_231' title='bbox 312 2735 407 2812; x_wconf 85' lang='lat' dir='ltr'>filius,</span> <span class='ocrx_word' id='word_1_232' title='bbox 428 2731 489 2796; x_wconf 87' lang='lat' dir='ltr'>vid.</span> <span class='ocrx_word' id='word_1_233' title='bbox 537 2729 620 2794; x_wconf 81' lang='lat' dir='ltr'>nidus</span> <span class='ocrx_word' id='word_1_234' title='bbox 642 2729 683 2794; x_wconf 83' lang='grc' dir='ltr'>Τ.</span> <span class='ocrx_word' id='word_1_235' title='bbox 698 2729 753 2794; x_wconf 93' lang='lat' dir='ltr'>lll.</span> <span class='ocrx_word' id='word_1_236' title='bbox 774 2752 801 2818; x_wconf 88' lang='lat' dir='ltr'>p.</span> <span class='ocrx_word' id='word_1_237' title='bbox 818 2732 896 2796; x_wconf 80' lang='lat'><strong>605:</strong></span> <span class='ocrx_word' id='word_1_238' title='bbox 920 2728 1096 2809; x_wconf 84' lang='grc' dir='ltr'><strong><em>Φιλόξενος,</em></strong></span> <span class='ocrx_word' id='word_1_239' title='bbox 1120 2730 1301 2815; x_wconf 78' lang='grc' dir='ltr'><strong><em>Εύλητίδου,</em></strong></span> 
     </span>
     <span class='ocr_line' id='line_1_28' title="bbox 133 2812 1303 2912; baseline -0.005 -24"><span class='ocrx_word' id='word_1_240' title='bbox 133 2819 312 2904; x_wconf 73' lang='grc' dir='ltr'><strong><em>Κυθήριος,</em></strong></span> <span class='ocrx_word' id='word_1_241' title='bbox 341 2813 473 2900; x_wconf 84' lang='grc' dir='ltr'><strong><em>λυρικός.</em></strong></span> <span class='ocrx_word' id='word_1_242' title='bbox 515 2815 585 2880; x_wconf 85' lang='grc' dir='ltr'><strong><em>Νοα</em></strong></span> <span class='ocrx_word' id='word_1_243' title='bbox 612 2814 709 2912; x_wconf 74' lang='lat' dir='ltr'>magis</span> <span class='ocrx_word' id='word_1_244' title='bbox 735 2812 911 2900; x_wconf 86' lang='lat' dir='ltr'>Cytherium</span> <span class='ocrx_word' id='word_1_245' title='bbox 937 2823 1052 2905; x_wconf 88' lang='lat' dir='ltr'>poetam</span> <span class='ocrx_word' id='word_1_246' title='bbox 1078 2816 1176 2903; x_wconf 75' lang='lat' dir='ltr'>tangit</span> <span class='ocrx_word' id='word_1_247' title='bbox 1206 2817 1233 2882; x_wconf 89' lang='lat' dir='ltr'>le</span> <span class='ocrx_word' id='word_1_248' title='bbox 1253 2816 1303 2882; x_wconf 87' lang='lat' dir='ltr'>ida</span> 
     </span>
     <span class='ocr_line' id='line_1_29' title="bbox 132 2839 1302 2990; baseline -0.005 -17"><span class='ocrx_word' id='word_1_249' title='bbox 132 2909 187 2974; x_wconf 87' lang='lat' dir='ltr'>llla</span> <span class='ocrx_word' id='word_1_250' title='bbox 208 2905 364 2984; x_wconf 88' lang='lat' dir='ltr'>memoria,</span> <span class='ocrx_word' id='word_1_251' title='bbox 391 2923 475 2986; x_wconf 86' lang='lat' dir='ltr'>qnam</span> <span class='ocrx_word' id='word_1_252' title='bbox 497 2898 606 2965; x_wconf 80' lang='lat' dir='ltr'>Mache</span> <span class='ocrx_word' id='word_1_253' title='bbox 631 2898 739 2962; x_wconf 82' lang='lat' dir='ltr'>nhrdem</span> <span class='ocrx_word' id='word_1_254' title='bbox 761 2899 897 2964; x_wconf 84' lang='lat' dir='ltr'>versibus</span> <span class='ocrx_word' id='word_1_255' title='bbox 923 2909 1095 2990; x_wconf 78' lang='lat' dir='ltr'>persecutns</span> <span class='ocrx_word' id='word_1_256' title='bbox 1116 2907 1178 2980; x_wconf 81' lang='lat' dir='ltr'>est3</span> <span class='ocrx_word' id='word_1_257' title='bbox 1198 2839 1302 2968; x_wconf 75' lang='lat' dir='ltr'>Plite-</span> 
     </span>
     <span class='ocr_line' id='line_1_30' title="bbox 132 2983 1301 3084; baseline -0.003 -26"><span class='ocrx_word' id='word_1_258' title='bbox 132 3013 243 3058; x_wconf 87' lang='lat' dir='ltr'>xennm</span> <span class='ocrx_word' id='word_1_259' title='bbox 265 2990 342 3054; x_wconf 89' lang='lat' dir='ltr'>enim</span> <span class='ocrx_word' id='word_1_260' title='bbox 365 2988 408 3052; x_wconf 90' lang='lat' dir='ltr'>ait</span> <span class='ocrx_word' id='word_1_261' title='bbox 427 2985 583 3072; x_wconf 87' lang='lat' dir='ltr'>aliqnando</span> <span class='ocrx_word' id='word_1_262' title='bbox 603 2983 751 3071; x_wconf 81' lang='lat' dir='ltr'>integrum</span> <span class='ocrx_word' id='word_1_263' title='bbox 772 2983 947 3073; x_wconf 87' lang='lat' dir='ltr'>polypodem</span> <span class='ocrx_word' id='word_1_264' title='bbox 968 2998 1086 3075; x_wconf 87' lang='lat' dir='ltr'>praeter</span> <span class='ocrx_word' id='word_1_265' title='bbox 1106 2993 1193 3084; x_wconf 81' lang='lat' dir='ltr'>capnt</span> <span class='ocrx_word' id='word_1_266' title='bbox 1212 2985 1301 3054; x_wconf 85' lang='lat' dir='ltr'>devo·</span> 
     </span>
     <span class='ocr_line' id='line_1_31' title="bbox 132 3068 1301 3164; baseline -0.004 -21"><span class='ocrx_word' id='word_1_267' title='bbox 132 3099 236 3156; x_wconf 86' lang='lat' dir='ltr'>rasse,</span> <span class='ocrx_word' id='word_1_268' title='bbox 263 3082 330 3164; x_wconf 88' lang='lat' dir='ltr'>post</span> <span class='ocrx_word' id='word_1_269' title='bbox 352 3092 421 3138; x_wconf 89' lang='lat' dir='ltr'>vero</span> <span class='ocrx_word' id='word_1_270' title='bbox 443 3070 585 3135; x_wconf 89' lang='lat' dir='ltr'>cruditate</span> <span class='ocrx_word' id='word_1_271' title='bbox 607 3069 740 3155; x_wconf 82' lang='lat' dir='ltr'>graviter</span> <span class='ocrx_word' id='word_1_272' title='bbox 761 3068 959 3147; x_wconf 84' lang='lat' dir='ltr'>laborantem,</span> <span class='ocrx_word' id='word_1_273' title='bbox 980 3085 1045 3136; x_wconf 87' lang='lat' dir='ltr'>oum</span> <span class='ocrx_word' id='word_1_274' title='bbox 1067 3070 1209 3136; x_wconf 80' lang='lat' dir='ltr'>medicum</span> <span class='ocrx_word' id='word_1_275' title='bbox 1231 3092 1301 3138; x_wconf 86' lang='lat' dir='ltr'>eon·</span> 
     </span>
     <span class='ocr_line' id='line_1_32' title="bbox 133 3154 1302 3254; baseline -0.005 -26"><span class='ocrx_word' id='word_1_276' title='bbox 133 3163 277 3228; x_wconf 76' lang='lat' dir='ltr'>uoluisset</span> <span class='ocrx_word' id='word_1_277' title='bbox 303 3179 341 3224; x_wconf 85' lang='lat' dir='ltr'>ex</span> <span class='ocrx_word' id='word_1_278' title='bbox 363 3177 455 3242; x_wconf 86' lang='lat' dir='ltr'>eoquo</span> <span class='ocrx_word' id='word_1_279' title='bbox 476 3177 510 3220; x_wconf 89' lang='lat' dir='ltr'>se</span> <span class='ocrx_word' id='word_1_280' title='bbox 537 3155 569 3218; x_wconf 94' lang='lat' dir='ltr'>in</span> <span class='ocrx_word' id='word_1_281' title='bbox 595 3154 660 3254; x_wconf 89' lang='lat' dir='ltr'>ipso</span> <span class='ocrx_word' id='word_1_282' title='bbox 688 3154 792 3220; x_wconf 86' lang='lat' dir='ltr'>mortis</span> <span class='ocrx_word' id='word_1_283' title='bbox 819 3155 942 3220; x_wconf 88' lang='lat' dir='ltr'>articulo</span> <span class='ocrx_word' id='word_1_284' title='bbox 965 3155 1079 3221; x_wconf 83' lang='lat' dir='ltr'>versari</span> <span class='ocrx_word' id='word_1_285' title='bbox 1099 3177 1161 3222; x_wconf 88' lang='lat' dir='ltr'>com</span> <span class='ocrx_word' id='word_1_286' title='bbox 1201 3158 1302 3240; x_wconf 86' lang='lat' dir='ltr'>risset,</span> 
     </span>
     <span class='ocr_line' id='line_1_33' title="bbox 132 3239 1301 3333; baseline -0.004 -20"><span class='ocrx_word' id='word_1_287' title='bbox 132 3245 273 3332; x_wconf 83' lang='lat' dir='ltr'>reliquias</span> <span class='ocrx_word' id='word_1_288' title='bbox 299 3241 456 3333; x_wconf 80' lang='lat' dir='ltr'>polypodis</span> <span class='ocrx_word' id='word_1_289' title='bbox 476 3239 688 3330; x_wconf 73' lang='lat' dir='ltr'>postulavisse:</span> <span class='ocrx_word' id='word_1_290' title='bbox 720 3239 769 3304; x_wconf 83' lang='lat' dir='ltr'>hio</span> <span class='ocrx_word' id='word_1_291' title='bbox 797 3240 846 3304; x_wconf 91' lang='lat' dir='ltr'>uhi</span> <span class='ocrx_word' id='word_1_292' title='bbox 872 3239 982 3306; x_wconf 87' lang='lat' dir='ltr'>Macho</span> <span class='ocrx_word' id='word_1_293' title='bbox 1009 3240 1136 3306; x_wconf 82' lang='lat' dir='ltr'>dilucide</span> <span class='ocrx_word' id='word_1_294' title='bbox 1186 3242 1301 3308; x_wconf 79' lang='lat' dir='ltr'>hiloxe-</span> 
     </span>
    </p>
   </div>
   <div class='ocr_carea' id='block_1_3' title="bbox 132 3323 1301 3414">
    <p class='ocr_par' dir='ltr' id='par_1_3' title="bbox 132 3323 1436 3414">
     <span class='ocr_line' id='line_1_34' title="bbox 132 3323 1301 3414; baseline -0.008 -15"><span class='ocrx_word' id='word_1_295' title='bbox 132 3353 203 3398; x_wconf 91' lang='lat' dir='ltr'>num</span> <span class='ocrx_word' id='word_1_296' title='bbox 237 3329 308 3394; x_wconf 89' lang='lat' dir='ltr'>dicit</span> <span class='ocrx_word' id='word_1_297' title='bbox 338 3327 590 3414; x_wconf 86' lang='lat' dir='ltr'>dithyramhornm</span> <span class='ocrx_word' id='word_1_298' title='bbox 623 3333 738 3412; x_wconf 86' lang='lat' dir='ltr'>poetam</span> <span class='ocrx_word' id='word_1_299' title='bbox 773 3323 934 3413; x_wconf 82' lang='lat' dir='ltr'>Syracusis</span> <span class='ocrx_word' id='word_1_300' title='bbox 967 3327 1082 3394; x_wconf 73' lang='lat' dir='ltr'>versam</span> <span class='ocrx_word' id='word_1_301' title='bbox 1118 3327 1301 3413; x_wconf 83' lang='lat' dir='ltr'>eundemque</span> 
     </span>
    </p>
   </div>
   <div class='ocr_carea' id='block_1_4' title="bbox 127 3409 1300 4519">
    <p class='ocr_par' dir='ltr' id='par_1_4' title="bbox 127 3409 1300 4519">
     <span class='ocr_line' id='line_1_35' title="bbox 132 3409 1300 3502; baseline -0.006 -18"><span class='ocrx_word' id='word_1_302' title='bbox 132 3419 171 3484; x_wconf 87' lang='lat' dir='ltr'>do</span> <span class='ocrx_word' id='word_1_303' title='bbox 192 3413 387 3502; x_wconf 85' lang='lat' dir='ltr'>dithyrambis</span> <span class='ocrx_word' id='word_1_304' title='bbox 409 3421 545 3496; x_wconf 87' lang='lat' dir='ltr'>tanquam</span> <span class='ocrx_word' id='word_1_305' title='bbox 564 3409 668 3474; x_wconf 84' lang='lat' dir='ltr'>liberis</span> <span class='ocrx_word' id='word_1_306' title='bbox 690 3410 875 3478; x_wconf 81' lang='lat' dir='ltr'>mandantem</span> <span class='ocrx_word' id='word_1_307' title='bbox 896 3409 1030 3494; x_wconf 81' lang='lat' dir='ltr'>induxit,</span> <span class='ocrx_word' id='word_1_308' title='bbox 1049 3411 1119 3478; x_wconf 78' lang='lat' dir='ltr'>item</span> <span class='ocrx_word' id='word_1_309' title='bbox 1136 3411 1300 3493; x_wconf 75' lang='lat' dir='ltr'>Timothei,</span> 
     </span>
     <span class='ocr_line' id='line_1_36' title="bbox 132 3493 742 3589; baseline -0.016 -22"><span class='ocrx_word' id='word_1_310' title='bbox 132 3501 265 3588; x_wconf 81' lang='lat' dir='ltr'>aequalis</span> <span class='ocrx_word' id='word_1_311' title='bbox 286 3496 605 3589; x_wconf 86' lang='lat' dir='ltr'>poetae,-mentionem</span> <span class='ocrx_word' id='word_1_312' title='bbox 627 3493 742 3559; x_wconf 88' lang='lat' dir='ltr'>iniecit:</span> 
     </span>
     <span class='ocr_line' id='line_1_37' title="bbox 213 3577 790 3669; baseline -0.012 -21"><span class='ocrx_word' id='word_1_313' title='bbox 213 3581 386 3669; x_wconf 80' lang='grc' dir='ltr'><strong><em>Ὕπερβολῇ</em></strong></span> <span class='ocrx_word' id='word_1_314' title='bbox 409 3580 529 3664; x_wconf 83' lang='grc' dir='ltr'><strong><em>λίγουσι</em></strong></span> <span class='ocrx_word' id='word_1_315' title='bbox 549 3578 604 3644; x_wconf 90' lang='grc' dir='ltr'>τδν</span> <span class='ocrx_word' id='word_1_316' title='bbox 626 3577 790 3655; x_wconf 78' lang='grc' dir='ltr'><strong><em>Φιλόξενον</em></strong></span> 
     </span>
     <span class='ocr_line' id='line_1_38' title="bbox 221 3661 913 3753; baseline -0.01 -18"><span class='ocrx_word' id='word_1_317' title='bbox 221 3673 294 3735; x_wconf 80' lang='grc' dir='ltr'>Τῶν</span> <span class='ocrx_word' id='word_1_318' title='bbox 314 3666 520 3753; x_wconf 73' lang='grc' dir='ltr'><strong><em>διθυράμβων</em></strong></span> <span class='ocrx_word' id='word_1_319' title='bbox 539 3663 594 3730; x_wconf 74' lang='lat' dir='ltr'>adv</span> <span class='ocrx_word' id='word_1_320' title='bbox 614 3665 742 3748; x_wconf 78' lang='grc' dir='ltr'><strong><em>ποιητὴν</em></strong></span> <span class='ocrx_word' id='word_1_321' title='bbox 760 3661 913 3749; x_wconf 80' lang='grc' dir='ltr'><strong><em>γεγονόναι</em></strong></span> 
     </span>
     <span class='ocr_line' id='line_1_39' title="bbox 217 3747 936 3842; baseline -0.011 -22"><span class='ocrx_word' id='word_1_322' title='bbox 217 3751 418 3842; x_wconf 79' lang='grc' dir='ltr'><strong><em>Ὀψοφάγον·</em></strong></span> <span class='ocrx_word' id='word_1_323' title='bbox 439 3747 505 3816; x_wconf 72' lang='grc' dir='ltr'><strong><em>εἶτα</em></strong></span> <span class='ocrx_word' id='word_1_324' title='bbox 526 3748 833 3832; x_wconf 81' lang='grc' dir='ltr'><strong><em>πουλυπόδαπηχῶν</em></strong></span> <span class='ocrx_word' id='word_1_325' title='bbox 854 3751 936 3815; x_wconf 72' lang='lat' dir='ltr'>deria</span> 
     </span>
     <span class='ocr_line' id='line_1_40' title="bbox 214 3830 989 3922; baseline -0.013 -16"><span class='ocrx_word' id='word_1_326' title='bbox 214 3837 274 3906; x_wconf 84' lang='grc' dir='ltr'>Ἓν</span> <span class='ocrx_word' id='word_1_327' title='bbox 293 3847 360 3915; x_wconf 82' lang='grc' dir='ltr'><strong><em>ταῖς</em></strong></span> <span class='ocrx_word' id='word_1_328' title='bbox 381 3830 597 3918; x_wconf 84' lang='grc' dir='ltr'><strong><em>Συρακούσαις</em></strong></span> <span class='ocrx_word' id='word_1_329' title='bbox 618 3833 689 3899; x_wconf 76' lang='grc' dir='ltr'><strong><em>ποτ’</em></strong></span> <span class='ocrx_word' id='word_1_330' title='bbox 712 3833 807 3900; x_wconf 78' lang='grc' dir='ltr'><strong><em>αὐτὸν</em></strong></span> <span class='ocrx_word' id='word_1_331' title='bbox 827 3831 989 3922; x_wconf 75' lang='grc' dir='ltr'><strong><em>ἀγοράσαι.</em></strong></span> 
     </span>
     <span class='ocr_line' id='line_1_41' title="bbox 133 3919 797 4013; baseline -0.014 -21"><span class='ocrx_word' id='word_1_332' title='bbox 133 3933 222 4013; x_wconf 75' lang='lat' dir='ltr'>atqne</span> <span class='ocrx_word' id='word_1_333' title='bbox 242 3924 324 3992; x_wconf 83' lang='lat' dir='ltr'>infra</span> <span class='ocrx_word' id='word_1_334' title='bbox 343 3925 386 3992; x_wconf 83' lang='lat' dir='ltr'>ita</span> <span class='ocrx_word' id='word_1_335' title='bbox 405 3923 488 3990; x_wconf 89' lang='lat' dir='ltr'>illum</span> <span class='ocrx_word' id='word_1_336' title='bbox 509 3922 673 4009; x_wconf 88' lang='lat' dir='ltr'>loquentem</span> <span class='ocrx_word' id='word_1_337' title='bbox 696 3919 797 3986; x_wconf 77' lang='lat' dir='ltr'>finxite</span> 
     </span>
     <span class='ocr_line' id='line_1_42' title="bbox 221 3997 969 4095; baseline -0.008 -21"><span class='ocrx_word' id='word_1_338' title='bbox 221 4010 305 4085; x_wconf 83' lang='grc' dir='ltr'><strong><em>Τούς</em></strong></span> <span class='ocrx_word' id='word_1_339' title='bbox 327 4006 543 4095; x_wconf 72' lang='grc' dir='ltr'><strong><em>διθυράμβους</em></strong></span> <span class='ocrx_word' id='word_1_340' title='bbox 563 4004 621 4070; x_wconf 83' lang='grc' dir='ltr'>σύν</span> <span class='ocrx_word' id='word_1_341' title='bbox 641 4011 726 4078; x_wconf 80' lang='grc' dir='ltr'><strong><em>θεοῖς</em></strong></span> <span class='ocrx_word' id='word_1_342' title='bbox 745 3997 969 4086; x_wconf 78' lang='grc' dir='ltr'><strong><em>καταλιμπάνω</em></strong></span> 
     </span>
     <span class='ocr_line' id='line_1_43' title="bbox 214 4087 951 4179; baseline -0.007 -21"><span class='ocrx_word' id='word_1_343' title='bbox 214 4093 447 4179; x_wconf 76' lang='grc' dir='ltr'><strong><em>Ἠνδρωμίνους</em></strong></span> <span class='ocrx_word' id='word_1_344' title='bbox 466 4094 518 4156; x_wconf 87' lang='grc' dir='ltr'><strong><em>καί</em></strong></span> <span class='ocrx_word' id='word_1_345' title='bbox 539 4087 654 4165; x_wconf 84' lang='grc' dir='ltr'><strong><em>πάντας</em></strong></span> <span class='ocrx_word' id='word_1_346' title='bbox 675 4087 951 4175; x_wconf 75' lang='grc' dir='ltr'><strong><em>ίστεφανωμίνους,</em></strong></span> 
     </span>
     <span class='ocr_line' id='line_1_44' title="bbox 222 4170 924 4260; baseline -0.01 -15"><span class='ocrx_word' id='word_1_347' title='bbox 222 4178 287 4253; x_wconf 68' lang='lat' dir='ltr'>Olli,-</span> <span class='ocrx_word' id='word_1_348' title='bbox 307 4178 476 4260; x_wconf 81' lang='grc' dir='ltr'><strong><em>ἀνατίθημι</em></strong></span> <span class='ocrx_word' id='word_1_349' title='bbox 495 4186 564 4252; x_wconf 71' lang='grc' dir='ltr'><strong><em>ταῖς</em></strong></span> <span class='ocrx_word' id='word_1_350' title='bbox 584 4177 718 4257; x_wconf 69' lang='grc' dir='ltr'><strong><em>ἐμαυτοῦ</em></strong></span> <span class='ocrx_word' id='word_1_351' title='bbox 739 4170 924 4260; x_wconf 80' lang='grc' dir='ltr'><strong><em>συντρόφοις</em></strong></span> 
     </span>
     <span class='ocr_line' id='line_1_45' title="bbox 127 4253 1058 4347; baseline -0.009 -19"><span class='ocrx_word' id='word_1_352' title='bbox 127 4321 130 4328; x_wconf 95' lang='grc'><strong><em>.</em></strong></span> <span class='ocrx_word' id='word_1_353' title='bbox 218 4259 386 4340; x_wconf 85' lang='grc' dir='ltr'><strong><em>Μούσαις,</em></strong></span> <span class='ocrx_word' id='word_1_354' title='bbox 404 4261 603 4347; x_wconf 75' lang='grc' dir='ltr'><strong><em>Ἀφροδίτην</em></strong></span> <span class='ocrx_word' id='word_1_355' title='bbox 622 4261 671 4324; x_wconf 87' lang='grc' dir='ltr'><strong><em>καί</em></strong></span> <span class='ocrx_word' id='word_1_356' title='bbox 694 4253 847 4324; x_wconf 84' lang='grc' dir='ltr'><strong><em>Διόνυσον</em></strong></span> <span class='ocrx_word' id='word_1_357' title='bbox 867 4255 1058 4343; x_wconf 70' lang='grc' dir='ltr'><strong><em>ἐπιτρόπους.</em></strong></span> 
     </span>
     <span class='ocr_line' id='line_1_46' title="bbox 224 4342 979 4428; baseline -0.008 -14"><span class='ocrx_word' id='word_1_358' title='bbox 224 4345 331 4414; x_wconf 78' lang='grc' dir='ltr'><strong><em>Ταῦθ’</em></strong></span> <span class='ocrx_word' id='word_1_359' title='bbox 356 4347 388 4410; x_wconf 79' lang='grc' dir='ltr'><strong><em>αἱ</em></strong></span> <span class='ocrx_word' id='word_1_360' title='bbox 409 4350 556 4428; x_wconf 74' lang='grc' dir='ltr'><strong><em>διαθῆκαι</em></strong></span> <span class='ocrx_word' id='word_1_361' title='bbox 579 4348 802 4428; x_wconf 79' lang='grc' dir='ltr'><strong><em>διασαφοῦσιν·</em></strong></span> <span class='ocrx_word' id='word_1_362' title='bbox 821 4342 893 4408; x_wconf 78' lang='grc' dir='ltr'><strong><em>ἀλλ’</em></strong></span> <span class='ocrx_word' id='word_1_363' title='bbox 917 4344 979 4410; x_wconf 77' lang='lat' dir='ltr'>tud</span> 
     </span>
     <span class='ocr_line' id='line_1_47' title="bbox 213 4427 892 4519; baseline -0.013 -19"><span class='ocrx_word' id='word_1_364' title='bbox 213 4428 254 4500; x_wconf 88' lang='lat'>‘0</span> <span class='ocrx_word' id='word_1_365' title='bbox 276 4431 437 4515; x_wconf 73' lang='grc' dir='ltr'><strong><em>Τιμοθέου</em></strong></span> <span class='ocrx_word' id='word_1_366' title='bbox 454 4429 573 4518; x_wconf 84' lang='grc' dir='ltr'><strong><em>Χάρων</em></strong></span> <span class='ocrx_word' id='word_1_367' title='bbox 592 4427 748 4513; x_wconf 76' lang='grc' dir='ltr'><strong><em>σχολάζειν</em></strong></span> <span class='ocrx_word' id='word_1_368' title='bbox 769 4427 825 4493; x_wconf 88' lang='grc' dir='ltr'><strong><em>ούιι</em></strong></span> <span class='ocrx_word' id='word_1_369' title='bbox 844 4430 892 4519; x_wconf 68' lang='grc' dir='ltr'>ἐρ,</span> 
     </span>
    </p>
   </div>
   <div class='ocr_carea' id='block_1_5' title="bbox 0 0 1553 5062">
    <p class='ocr_par' dir='ltr' id='par_1_5' title="bbox 0 0 1553 5062">
     <span class='ocr_line' id='line_1_48' title="bbox 0 0 1553 5062; baseline 0 0"><span class='ocrx_word' id='word_1_370' title='bbox 0 0 1553 5062; x_wconf 95' lang='lat' dir='ltr'> </span> 
     </span>
    </p>
   </div>
  </div>
 </body>
</html>
