3000 5048
237 405 301 470 luo
615 395 1022 468 COMMENTATIONES

278 656 289 717 i
323 567 442 716 Tlff‘l‘
462 567 519 654 γάρ
542 563 569 633 εί
587 565 643 650 ud,-
665 564 893 654 obsecundabor
914 563 933 651 ἢ
954 555 1046 644 ταῶς.

238 680 276 718 κα
310 678 352 715 ua
373 673 415 718 θ’

312 735 417 824 Ὄρνις
437 738 533 819 δῆτα·
554 737 599 813 τίς
620 733 692 802 ποτ’
717 736 807 812 ἕσιίνῑ
830 733 866 800 οὗ
889 732 987 818 δήπου
1008 723 1109 815 ταῶςς

235 823 353 904 λέγουσι
382 822 415 885 δὲ
442 823 492 886 καὶ
517 819 572 903 τὴν
599 819 722 902 δοτικὴν
747 813 856 898 ταῶνι,
885 817 926 896 ὡς
947 823 978 885 ἓν
1000 825 1042 905 τῷ
1061 813 1228 904 Ἀναγόρῳ
1245 815 1375 902 Ἀριστο-

235 904 400 1056 utuau
416 905 697 1072 8,οναλλ-ο.·
720 901 1378 1077 λλλλοίλαάαἰδοίοιο

235 1078 308 1144 269.
328 1075 439 1144 Verum
459 1073 558 1162 priore
580 1075 643 1138 loco
665 1075 740 1140 alins
760 1076 906 1161 interpres
929 1075 1001 1138 scite
1018 1073 1181 1139 adnotavit:
1200 1067 1378 1147 Ὀξόνεταιδὲ

234 1164 284 1224 καὶ
305 1166 497 1242 acaronem.
537 1159 639 1245 Itaque
661 1160 747 1224 etiam
769 1156 889 1244 ὀρφώς,
910 1159 1072 1244 ubicunque
1095 1159 1164 1222 libri
1185 1164 1305 1237 tuentur,
1324 1178 1377 1220 ser·

233 1245 359 1310 vandum
381 1265 496 1310 censeo.
538 1245 582 1308 At
603 1245 690 1307 attica
711 1251 789 1308 certe
818 1245 902 1307 buius
924 1243 1058 1308 vocabuli
1079 1243 1175 1308 forma
1196 1249 1225 1306 et
1245 1242 1308 1306 Ami
1327 1241 1378 1304 siae

233 1337 263 1394 et
282 1329 401 1394 Platoni
427 1335 472 1393 est
492 1328 690 1406 restituenda3
722 1328 895 1414 vulgaribus
916 1329 994 1392 enim
1016 1328 1160 1392 eiusmodi
1180 1327 1279 1390 formis
1300 1263 1378 1392 lutici

230 1413 290 1477 nisi
311 1413 461 1478 rarissime
484 1413 529 1476 usi
550 1433 610 1476 non
632 1421 710 1494 sunt,
732 1413 774 1476 uti
796 1411 887 1478 semel
908 1411 950 1476 So
972 1413 1070 1477 booles
1092 1413 1124 1476 in
1138 1409 1181 1478 Sa
1215 1413 1274 1476 rica
1291 1409 1377 1475 fabula

230 1497 263 1561 in
285 1497 400 1582 Amyco
422 1497 539 1560 admisit
560 1491 669 1580 λαγός,
692 1497 750 1560 vid.
772 1496 883 1560 Athen.
905 1435 987 1564 vill.
1009 1519 1037 1586 p.
1060 1495 1124 1562 430
1145 1495 1189 1561 B:
1277 1501 1281 1510 ’

315 1585 346 1644 Γ
344 1581 458 1666 ἔρανοι,
482 1587 627 1665 κορῶναι,
649 1585 790 1663 γλαῦκες,
815 1585 935 1656 ῖκτῖνοι,
958 1581 1055 1666 λαγοί.

182 1693 184 1697 ’
228 1665 328 1752 ¹Atque
356 1689 374 1730 a
401 1666 574 1730 comicorum
601 1686 736 1730 sermone
767 1665 834 1728 talis
862 1666 980 1730 licentia
1006 1666 1096 1731 multo
1124 1665 1236 1748 magis,
1266 1663 1340 1725 ¹uam
1363 1681 1377 1722 a

230 1751 401 1836 tragoediae
415 1750 623 1816 consuetudine
645 1751 793 1830 abhorret,
814 1751 873 1814 nisi
885 1751 960 1836 quod
972 1749 1080 1816 Alexis
1101 1751 1134 1814 in
1147 1683 1295 1838 Lampade
1314 1743 1376 1834 apud

230 1834 415 1919 Athenaeum
436 1833 518 1902 XIV.
540 1857 569 1924 p.
590 1832 654 1900 654
674 1833 712 1898 F.
734 1833 823 1908 dixit:

615 1917 693 1982 Odd'
717 1920 743 1980 el
763 1915 841 2001 γάλα
863 1923 958 2002 λαγοῦ

313 1999 406 2083 Εἶχον
426 2001 480 2091 μάλ
493 2000 623 2085 τὴνγῆν
645 2005 696 2066 καὶ
716 2003 798 2078 anule
817 2003 992 2068 κατίσδιον.

228 2087 280 2150 ubi
300 2085 602 2174 Schweighaeuserus
624 2087 707 2169 λανδ
728 2090 787 2152 scri
807 2089 871 2152 sit:¹
887 2089 984 2174 itaque
1011 2090 1099 2154 otham
1125 2083 1312 2175 corrigendus
1339 2084 1375 2142 ost

229 2169 359 2252 caldas,
381 2173 462 2236 cuius
484 2171 556 2236 dnos
579 2169 738 2236 versiculos
760 2110 917 2262 adscripsit
936 2173 1110 2239 Athenaeus
1131 2173 1201 2243 VII.
1222 2194 1251 2261 p.
1270 2162 1374 2234 286A2

223 2251 399 2338 ”Αχαρνος·
430 2257 567 2330 Καλλίας
587 2252 757 2336 Κύκλωψι·

316 2342 456 2421 Κίθαρος
478 2339 570 2413 dordr
591 2341 641 2402 unul
662 2341 764 2418 βατίς,
786 2337 902 2404 θόννου
923 2365 955 2405 τε
976 2337 1144 2426 κεφάλαιον
1166 2340 1240 2416 τοδί,

308 2421 478 2504 'Endera
500 2420 630 2507 κάραβοι
636 2471 645 2499 ,
668 2419 778 2499 λινεύς,
800 2421 933 2505 ἄχαρνος
955 2421 1069 2490 obruat.

229 2513 259 2571 at
280 2506 371 2570 Attici
397 2527 456 2570 non
484 2505 616 2591 άχαρνος
642 2507 797 2589 dixerunt,
824 2509 878 2574 sed
905 2507 1061 2594 άχαρνάς,
1088 2517 1191 2596 estque
1216 2509 1270 2572 boc
1294 2503 1374 2566 isam

229 2590 344 2656 Galliae
371 2592 598 2674 restituendum,
630 2592 687 2656 vid.
711 2593 924 2658 Grammaticus
951 2595 983 2658 in
1010 2591 1148 2660 Bekkeri
1169 2590 1280 2664 Aneod.
1299 2523 1336 2650 I*
1354 2583 1374 2644 l·

227 2697 256 2763 p.
276 2674 357 2759 474,
381 2678 417 2740 1:
435 2674 613 2760 Ἀχαρνιός·
636 2675 776 2761 άχαρνώς
797 2681 847 2741 καί
870 2677 976 2764 όρφδις
997 2675 1013 2743 ὅ
1036 2677 1143 2754 αὐτός·
1166 2677 1302 2748 Καλλίας
1320 2661 1375 2732 Κά·
1452 2725 1453 2750 ζ

228 2764 361 2843 κλοιψιν·
378 2758 548 2843 Ἔχχίλεια,
571 2757 722 2846 κάραβος,
745 2758 855 2841 λινεύς,
878 2762 1055 2847 άχαρνώς
1077 2761 1191 2829 οὑτοσί.

311 2844 373 2920 Iam
396 2865 465 2910 vero
493 2845 565 2912 satis
587 2854 708 2934 apparet
727 2845 881 2912 Platonem
910 2849 947 2913 ad
967 2848 1120 2938 Amipsiae
1141 2871 1175 2914 se
1195 2837 1375 2932 composuisse
1452 2835 1453 2882 ί

228 2929 655 3078 exemplufflndoquidem
667 2931 817 3017 Amipsias
840 2931 975 2998 Cunnum
998 2933 1095 2998 docuit
1114 2933 1235 2998 lsarcbo
1255 2929 1374 3016 practorfl

229 3014 346 3102 olymp·
478 3015 576 3096 IX.-l‚
599 3015 671 3099 (vid.
694 3014 845 3080 Didascal.
868 3017 1021 3106 Aristopb.
1040 3019 1185 3084 Nubiunr:
1206 3013 1252 3079 At
1271 3011 1375 3090 πρῶτον

230 3099 366 3182 Νεφέλαι
387 3097 595 3182 ίδιδάχθησαν
616 3101 648 3163 ἐν
668 3097 766 3175 όίστει,
788 3102 836 3164 ἐπὶ
859 3099 1005 3184 άρχοντος
1023 3100 1179 3184 Ἰσάρχου,
1201 3097 1250 3164 ὅτε
1270 3092 1375 3171 Konst-
1452 3103 1453 3124 ³

230 3207 282 3258 νος
301 3183 356 3262 μὲν
381 3184 462 3248 ἐνίκα
484 3186 618 3269 Πυτίνῃ,
637 3183 809 3264 Ἀμειψίας
836 3188 869 3249 dd
890 3184 1023 3274 Κόννῳ).
1066 3187 1153 3252 Plato
1180 3191 1274 3250 auton
1299 3173 1374 3240 CI00·

228 3267 367 3354 pluentem
389 3269 477 3332 multo
498 3277 569 3356 post
586 3267 683 3336 Callia
704 3277 840 3357 praetore
862 3271 978 3360 Olymp.
1000 3269 1111 3338 XCIII.
1132 3275 1170 3353 3,
1196 3265 1267 3352 (vid.
1288 3257 1373 3324 ‘fidat'

229 3351 283 3416 cal.
301 3351 625 3439 Aristopb.Ranarum:
643 3352 819 3436 Ἒδιδάχθη
842 3357 889 3419 ἐπὶ
913 3359 1050 3420 Καλλίου
1071 3362 1126 3420 τοῦ
1146 3354 1223 3437 μετὰ
1238 3339 1374 3442 Ἀνῐῑίίίζί

229 3435 281 3498 διά
305 3437 475 3500 Φιλωνίδου
502 3441 542 3513 οἷς
562 3437 705 3520 Λήναια·
738 3445 857 3520 πρῶτος
884 3432 934 3520 ἦν,
965 3439 1116 3526 Φράνιχος
1137 3437 1273 3518 δεύτερος
1291 3427 1374 3492 MW'

228 3542 311 3596 σαις,
330 3517 469 3584 Πλάτων
499 3522 600 3606 τρίτος
620 3525 824 3608 Κλεοφῶντι).
866 3525 970 3611 Neque
997 3527 1074 3593 enim
1100 3525 1189 3592 Plato
1210 3518 1319 3587 videtur
1334 3505 1373 3605 ,ll

228 3603 280 3670 illo
301 3607 422 3670 crimine
443 3607 637 3672 absolvendus
651 3630 728 3689 esse,
750 3609 781 3672 in
794 3609 868 3693 quod
890 3611 1003 3676 mediae
1020 3611 1201 3700 potissimum
1222 3591 1373 3671 comoediae
1396 3681 1397 3684 Ἴ

228 3696 331 3777 poetae
352 3691 524 3780 saepissime
544 3692 705 3774 incurrunt,
726 3698 852 3778 atquae
874 3695 910 3761 ab
933 3695 999 3760 aliis
1020 3698 1114 3786 poetis
1136 3698 1208 3762 scito
1224 3683 1373 3764 ..telegon-

231 3775 373 3856 terdicta
399 3784 429 3840 et
457 3777 578 3840 inventa
603 3797 670 3840 esse
697 3777 966 3861 animadvertisset,
994 3802 1030 3845 ea
1051 3782 1083 3846 in
1109 3803 1193 3846 suum
1214 3789 1295 3839 usum
1314 3777 1372 3824 ⁰⁰¹¹·

230 3866 366 3925 verteret.
407 3860 454 3924 Ita
474 3861 608 3928 Platonis
629 3882 751 3944 versus,
772 3883 844 3948 quos
864 3863 974 3929 Pollux
993 3864 1046 3933 vl.
1068 3867 1131 3934 1⁰3
1151 3863 1252 3932 affort:

315 3945 464 4009 Φείδεσθε
484 3945 628 4010 τούλαίου
649 3945 780 4032 σφόδρ’·
802 3949 834 4024 ἐξ
855 3949 968 4034 άχορᾶς
988 3949 1019 4012 δ’
1042 3949 1100 4035 ἐγὼ
1236 3947 1238 3950 ’

309 4025 479 4110 Ὠνὴσομοιι
500 4033 627 4114 οτίλβην
646 4031 717 4106 τιν’,
744 4029 810 4112 ἥτις
830 4031 873 4116 μὴ
894 4031 989 4110 πότις.

230 4133 367 4199 nuaguam
393 4135 466 4178 sane
492 4115 602 4182 babent
632 4115 850 4182 similitudinem
877 4139 941 4184 cum
967 4117 1123 4207 Hermippi
1149 4106 1370 4202 fragmento&1
1452 4127 1453 4138 ¹

230 4197 299 4262 Diis
321 4197 397 4286 apud
418 4197 556 4266 Pnouum
576 4223 604 4290 p.
626 4202 705 4284 538,
727 4203 784 4266 21:
1016 4257 1017 4261 ,

310 4319 312 4326 ,
374 4360 383 4386 '
628 4284 686 4360 Ἐξ
706 4283 820 4368 ἀγοράς
841 4283 873 4348 δ’
897 4284 957 4370 ἐγὼ

309 4363 479 4449 Ὠνησομοιι
500 4365 607 4451 λόχνον
637 4367 696 4435 τιν’
719 4367 739 4452 ἢ
761 4371 885 4452 οτίλβην
907 4365 1012 4457 (τινά).
1303 4433 1310 4448 ,

229 4450 270 4513 ita
298 4450 376 4516 enim
401 4471 506 4522 versus
539 4453 785 4542 redintegrandus
813 4455 945 4524 uidetur:
988 4476 1157 4544 quamquam
1186 4454 1242 4520 hoc
1268 4429 1368 4526 lffll⁰¹¹¹
