3004 5048
258 340 324 417 sto
644 336 1047 434 coumuuusmouns

259 533 347 594 τερος
370 503 537 588 Μορύχου·
567 506 734 654 παροιμία·
762 507 915 585 Πολέμων
935 505 1078 590 λέγεσθαι
1099 502 1214 588 ταύτην
1235 501 1322 588 παρὰ
1341 507 1432 572 Σικι-

259 591 384 668 λιῶταις
406 590 517 668 οὕτως·
537 615 607 672 μωρ
627 588 711 676 τορός
732 594 792 672 εἶμι
813 588 977 677 Μορύχου,
1000 588 1033 666 ὃς
1052 587 1164 656 τάνδόν
1184 589 1273 676 ἀφεὶς
1294 591 1354 668 ἔξω
1376 597 1432 674 τῆς

260 681 357 754 οἰκίας
378 674 523 758 κάθηται.
566 675 718 759 Μόρυχος
740 678 773 740 δέ
794 676 870 760 παρ’
895 676 1000 752 αὐτοῖς
1020 672 1037 740 ὃ
1059 672 1212 751 Διόνυσος
1233 677 1432 742 κατεπιίθετο

260 763 313 828 διά
334 762 368 826 τό
389 758 577 842 μολύνεσθαι
602 763 697 828 αὐτοῦ
718 760 754 826 τὸ
776 758 940 848 πρόσωπον
961 764 993 826 έν
1013 766 1050 846 τῇ
1072 757 1166 845 τρύχη
1187 757 1303 844 χλιόκει
1324 785 1357 824 τε
1380 764 1432 826 καί

259 845 380 923 σύκοις·
406 843 538 930 μορύξαι
565 847 598 910 δὲ
623 846 659 914 τὸ
689 853 831 927 μολῦναι.
867 845 1006 929 Ὅμηρος
1032 852 1105 930 γοῦν
1131 846 1167 910 τὸ
1194 845 1433 926 μεμολυμμένος

257 932 487 1018 μεμορυχμένος
517 933 625 1017 φησίν·
669 929 813 1014 εὐήθειαν
838 931 949 1001 τούτου
976 935 1247 1015 καταγνωσθῆναι,
1291 927 1433 1016 παρόσον

257 1017 315 1095 teo
342 1025 397 1082 τοῦ
418 1015 475 1081 ecch
506 1018 537 1080 έν
564 1013 710 1102 ὗπαίθρῳ
739 1017 834 1082 αύτοό
855 1018 890 1082 ιδ
918 1015 1042 1104 ἄγαλμα
1068 1019 1255 1100 καθίδρυται
1282 1015 1370 1101 παρά
1393 1023 1432 1102 τῇ

258 1101 384 1190 εἰσόδῳ
406 1101 545 1166 τάττεται
568 1103 601 1166 δέ
622 1105 670 1167 ἐπὶ
692 1107 753 1166 τῶν
774 1099 883 1184 εύηθές
905 1127 934 1166 τι
956 1101 1233 1182 διαπραττομένων.
1261 1099 1431 1188 Monychus

258 1197 355 1254 autem
376 1190 433 1254 iste
460 1209 693 1276 saepenumero
715 1209 733 1252 a
754 1189 871 1254 comicis
899 1195 1017 1276 propter
1037 1187 1123 1252 istam
1145 1186 1336 1274 gulositatem
1358 1209 1433 1254 exa·

258 1275 368 1361 gitatus
391 1279 452 1353 est,
473 1279 504 1338 nt
525 1273 561 1336 ah
582 1273 784 1361 Aristophane
805 1274 837 1338 in
858 1273 1101 1340 Acharnensihus
1122 1293 1151 1340 ν.
1171 1271 1251 1339 883:

334 1365 376 1437 Ὦ
398 1369 530 1458 φιλτάτη
551 1371 590 1436 ccl
612 1375 663 1437 καλ
686 1371 781 1437 πάλαι
802 1373 980 1457 ποθουμένη
1003 1371 1150 1459 (liget-uc)

344 1460 425 1540 Φίλη
446 1459 481 1522 δὲ
501 1453 655 1545 Μορύχῳ.
802 1506 805 1514 .

258 1567 288 1628 et
308 1560 341 1625 in
362 1559 442 1623 Pace
464 1580 492 1623 v.
516 1560 615 1626 1005:

341 1646 406 1708 Καὶ
427 1639 593 1732 Κωπᾴδων
613 1646 714 1709 έλθιΐν
735 1646 897 1727 σπυρίδας,

342 1730 408 1792 Καὶ
436 1730 503 1814 περί
530 1725 646 1806 ταύτας
666 1726 748 1810 ἡμᾶς
775 1727 913 1816 σἰθρόους

337 1812 556 1894 Ὀψωνοῦντας
575 1811 751 1900 τυρβάζεσθ

341 1895 501 1987 Μορύχῳ,
524 1901 636 2010 Τελέῳ,
658 1840 833 1988 novelty,
856 1897 960 1976 άλλως

250 2019 254 2027 ν
342 1984 479 2060 Τένθαις
498 1988 633 2060 πολλοις.

146 2180 148 2192 1
255 2092 285 2152 et
305 2086 337 2152 in
357 2085 466 2175 vespis
487 2107 516 2151 v.
538 2083 617 2153 5042

660 2173 700 2234 Et
712 2173 762 2234 καὶ
784 2175 837 2234 νῶν
859 2170 916 2256 lyci

249 2268 251 2276 '
340 2253 407 2318 Τόν
428 2254 536 2340 πατέρ’
562 2251 608 2318 ὅτι
629 2255 782 2336 βούλομαι
804 2253 926 2320 τούτων.
941 2255 1183 2338 ἀπαλλαχθέντα
1202 2259 1264 2320 τῶν

333 2337 992 2426 Ὀρθροφοιτοσυκοφαντοδικοταλαιπῶρων
1013 2339 1135 2427 τρόπων

182 2473 185 2480 .
337 2429 403 2505 Ζῆν
423 2426 492 2504 βίον
512 2433 648 2508 γενναῖον
670 2421 770 2512 ῶσπερ
793 2422 954 2512 Μόρυχος.

252 2507 341 2578 Adde
362 2509 434 2574 ibid.
454 2531 484 2578 ν.
507 2509 599 2576 1142.

337 2627 401 2692 Iam
423 2627 546 2716 Eupolis
575 2649 639 2694 cnm
670 2629 834 2696 convivium
856 2629 1050 2702 lautissimum
1071 2652 1089 2696 n
1111 2629 1209 2698 Gallia
1229 2630 1262 2692 iu
1282 2627 1428 2714 Autolyci

251 2713 394 2780 honorem
416 2713 592 2778 celebratum
615 2715 787 2796 exhiheret,
809 2716 913 2782 mirum
934 2717 967 2782 ni
988 2716 1074 2782 etium
1097 2715 1277 2782 adulatorem
1299 2712 1427 2862 alipnem
1493 2769 1494 2778 ,

247 2808 283 2870 ,ολ
310 2799 470 2887 parasitum
497 2799 689 2868 nobilissimis
711 2801 945 2872 Atheniensibus
973 2801 1156 2868 adiunxerit:
1183 2799 1220 2864 da
1248 2798 1300 2862 tali
1328 2799 1426 2882 aiqno

252 2884 371 2948 homine
398 2883 526 2948 tortasse
548 2885 654 2948 dictum
681 2887 823 2971 estquod
850 2887 939 2954 affert
959 2885 1127 2954 Scholiasta
1147 2883 1302 2970 Aristoph.
1324 2881 1426 2960 Thea·

159 3019 163 3028 .
251 2970 348 3056 moph.
369 2966 447 3034 941:
476 2967 596 3046 Ἀττικὴ
618 2972 652 3034 δὲ
672 2967 869 3052 ἡ-σύνταξις,
899 2972 944 3037 ότι
966 2970 1128 3042 calicratio
1148 2972 1198 3034 καὶ
1222 2963 1328 3052 δοτικῇ
1351 2993 1425 3031 συν-

250 3051 432 3137 τάσσουσιν,
456 3052 497 3128 ῶς
519 3051 730 3122 καὶΕδπόλιδί
747 3058 828 3122 ἐστιν
849 3059 881 3124 έν
896 3053 1070 3142 Αὐτολύκῳ
1092 3055 1231 3140 θατέρῳ·
1255 3049 1333 3122 ὥστε
1356 3051 1426 3116 οὔτε

253 3139 316 3202 ἐκεῖ
333 3136 402 3202 ούτε
424 3137 535 3204 ἐνθάδε
553 3141 602 3202 δεῖ
618 3142 795 3217 ξενίζεσθαι.
816 3163 987 3226 quamquam
1008 3143 1100 3214 uerba
1126 3161 1211 3208 curru
1233 3149 1263 3202 ta
1283 3138 1316 3202 in
1338 3159 1426 3225 prae-

250 3224 349 3288 sentia
370 3225 512 3312 expedire
532 3245 655 3310 nequeo.
682 3225 724 3292 Et
745 3225 872 3294 sortasse
893 3249 933 3294 ex
954 3225 1047 3292 altero
1068 3160 1279 3376 hocAutolpco
1301 3223 1424 3310 petitum

250 3315 298 3375 est
317 3309 438 3394 insigne
459 3311 670 3398 fragmentum,
691 3311 744 3378 sel
764 3311 841 3380 ilem
864 3313 937 3380 satis
959 3323 1125 3398 corruptum
1136 3309 1211 3395 quod
1234 3308 1334 3394 egitur
1346 3307 1424 3396 apul

250 3391 425 3464 Eronanum
447 3415 475 3481 p.
496 3397 539 3464 88
561 3395 607 3462 ed.
628 3395 655 3460 F
657 3417 753 3462 nanu:
771 3395 993 3481 Ἀριστοφάνης
1014 3399 1047 3462 δέ
1069 3393 1085 3465 ὁ
1107 3394 1240 3475 λοιμικὸς
1261 3397 1293 3458 έν
1312 3393 1426 3458 Αύτα

249 3476 334 3565 λύκῳ
356 3479 450 3564 φησὶν
472 3481 519 3542 tut
541 3480 717 3560 καινοτέρας
738 3481 822 3556 totas
839 3482 963 3560 άσέβιον
977 3478 1166 3563 ὃμοχθηρὸς
1187 3479 1312 3560 ἕτριβις,
1335 3473 1423 3562 πόσῳ

250 3571 372 3632 πολλῶν
393 3561 536 3630 λοπάδων
556 3565 631 3640 τοὺς
650 3565 796 3646 ἄμβωνας
818 3569 993 3646 πιριλιίξας,
1015 3565 1100 3632 τοῦτ’
1119 3566 1182 3632 tace
1199 3564 1239 3628 τά
1259 3563 1327 3642 περὶ
1349 3561 1425 3636 τούς

248 3649 398 3734 ἄμβωνας
416 3651 511 3731 χείλη.
539 3647 649 3718 Ultima
670 3651 809 3737 leguntur
830 3653 917 3718 etiam
939 3653 1015 3740 npnd
1038 3652 1182 3720 Calenum
1203 3651 1269 3732 nael
1292 3646 1426 3734 ἄρθρων

250 3736 292 3803 Τ.
312 3736 382 3802 XII.
401 3756 432 3845 p.
454 3735 516 3801 301
539 3735 585 3798 ed.
608 3733 751 3798 Charton:
776 3734 914 3820 Τοιαύτη
936 3739 972 3802 δέ
991 3740 1073 3802 ἐστιν
1093 3733 1113 3819 ἦ
1136 3733 1235 3820 ὀφρύς
1256 3729 1322 3798 οἷον
1344 3731 1425 3794 κατά

248 3828 310 3885 τῶν
331 3822 475 3886 λοπαδων
496 3819 592 3901 πέρας
620 3817 655 3882 τό
677 3817 741 3883 άνω
767 3821 897 3906 γίγνεται
925 3821 1002 3908 πρὸς
1028 3822 1084 3906 τὴν
1106 3819 1190 3896 ἐντὸς
1212 3818 1425 3902 ἐστραμμένον

249 3905 427 3990 κοιλότητα,
457 3905 511 3968 καί
529 3927 574 3978 τις
594 3910 658 3967 τῶν
676 3912 817 3984 κωμικῶν
838 3905 961 3971 tusam
982 3905 1179 3972 ἐπισκώπτων
1199 3902 1267 3968 τινὰ
1289 3905 1340 3964 ccl
1361 3907 1426 3964 τῶν

249 3992 392 4058 λοπάδων
409 3988 482 4066 τούς
494 3986 641 4070 ἄμβωνας
653 3992 835 4074 περιλείχειν.
857 4000 887 4056 et
927 3993 993 4058 aulo
1016 3994 1179 4058 accurah'us
1201 3989 1304 4055 endem
1325 3986 1426 4052 attulit

250 4077 425 4144 Eustathius
458 4096 497 4143 ex
522 4073 611 4140 Aelio
634 4074 783 4162 Dionysio
813 4098 842 4168 p.
864 4013 963 4161 thlh,
984 4079 1048 4146 ὅθι,
1091 4077 1172 4158 Φησὶ
1205 4078 1280 4160 γοῦν
1307 4070 1424 4146 Altum

248 4159 434 4239 Διονύσιος,
467 4158 621 4241 άμβωνις,
649 4155 740 4246 λόφοι
763 4160 849 4248 νδρῶν
874 4165 924 4226 καλ
951 4165 1016 4238 ίτυς
1043 4166 1128 4224 πᾶσα
1156 4161 1206 4224 καί
1230 4151 1295 4223 οἷον
1320 4155 1423 4240 ὀφρύς

247 4251 298 4314 καλ
319 4241 470 4329 ὑπεροχή·
500 4247 550 4307 καί
575 4246 660 4327 χείλη
683 4246 716 4309 δέ
743 4245 899 4312 λοπάδων·
931 4244 1010 4325 οἷον,
1039 4250 1160 4309 πολλῶν
1185 4239 1245 4326 ἤδη
1276 4238 1424 4305 λοπάδων

247 4331 322 4412 τοὺς
340 4330 488 4416 ἄμβωνας
509 4331 685 4416 περιλείξας.
728 4329 842 4398 Eadem
868 4333 933 4398 fere
959 4333 1099 4420 leguntur
1119 4329 1152 4396 in
1173 4327 1303 4415 Etymol.
1324 4325 1369 4392 M.
1391 4347 1422 4416 p.

245 4421 301 4506 81,
323 4419 344 4482 9
366 4427 396 4484 et
416 4413 494 4482 out.
515 4423 544 4504 p.
564 4413 618 4498 43,
638 4415 692 4482 3³.
723 4413 862 4506 Eupolidi
883 4417 956 4482 haec
976 4417 1041 4482 inne
1062 4415 1223 4481 vindicavit
1244 4407 1420 4480 Dictorum
