3004 5048
311 290 1037 400 rememoraturum.
1187 299 1255 371 τεο

168 462 242 528 Παλ
262 461 370 546 μηκέτ’
393 453 475 540 ῶναξ
491 429 667 540 Motaleia·
686 464 737 528 καλ
758 465 934 553 Περίκλεες,

164 546 299 614 ’Edono’
324 543 425 634 άρχειν
448 545 591 634 μειράκια
612 545 782 632 κινούμενα,

165 631 223 698 Ἐν
245 642 309 710 τοΐς
330 643 460 720 σφυροῖς
481 634 606 698 ἕλκοντα
626 633 681 717 τὴν
702 635 897 720 στρατηγίαν,

76 718 278 870 ηοουοοάῖφοι
302 720 430 808 pertinet
455 719 542 784 etiam
568 719 641 785 illud
669 721 746 810 apud
772 718 975 788 Hero‘diauum
1005 727 1073 811 περλ
1093 723 1258 810 σχημάτων
1338 728 1342 734 ’

75 823 108 893 p.
174 851 186 886 ‚
261 825 271 868 e

496 891 562 954 Kal
583 887 706 973 λέγουσί
719 913 752 973 γε

173 969 230 1036 Τὰ
250 966 393 1059 μειράκια
414 971 620 1058 προΐστάμευα
640 983 704 1050 τοΐς
725 971 882 1061 ἀνδράσιν.

74 1071 224 1138 Maxime
250 1095 322 1139 vero
348 1073 477 1161 insignis
503 1075 556 1156 illa
584 1076 666 1140 chori
684 1077 802 1159 oratio,
830 1099 903 1162 quae
930 1085 977 1142 est
1002 1081 1078 1169 apud
1100 1080 1257 1150 Stobaeum

74 1157 212 1308 Xllffl‘t
227 1179 257 1246 p.
270 1160 343 1241 163,
362 1168 469 1246 poetae
487 1161 640 1244 consilium
661 1161 835 1248 fabulaeque
856 1163 1018 1229 institutum
1039 1167 1071 1230 in
1092 1167 1172 1232 clara
1192 1169 1257 1236 luce

75 1265 112 1311 oo
139 1264 227 1308 oca:

167 1330 241 1392 Kal
262 1326 325 1410 μὴν
344 1325 403 1410 ἐγώ
424 1333 546 1393 πολλῶν
565 1326 726 1414 παρόντων
747 1328 803 1394 οὐκ
824 1328 883 1413 όχω
903 1331 936 1394 τί
954 1332 1038 1407 λόξω.

173 1410 271 1478 Οὕτω
292 1410 406 1498 σφόδρ’
430 1413 513 1498 άλγῶ
534 1413 762 1497 τὴνπολιτείαν
784 1413 865 1502 ὁρῶν
885 1413 960 1502 παρ’
984 1415 1065 1500 ἡμῖν.

163 1495 277 1579 Ἡμεῖς
297 1495 356 1582 γάρ
378 1497 435 1580 οὐχ
457 1495 539 1564 eilrat
558 1499 633 1575 τέως
653 1498 792 1589 ᾠκοῦμεν
813 1499 841 1564 oi
862 1501 1007 1586 γέροντες,

161 1583 255 1648 Ἀλλ’
278 1575 357 1666 ἦσαν
382 1580 455 1665 ἡμῖν
475 1589 514 1669 τῇ
540 1582 625 1648 πόλει
652 1585 850 1668 πρῶτονμὲν
871 1587 900 1650 οἳ
921 1591 1085 1672 στρατηγοὶ

164 1669 230 1732 Ἐκ
250 1673 312 1732 τῶν
330 1671 479 1751 μεγίστων
499 1669 602 1732 οἰκιῶν
624 1665 745 1756 πλσάτηι
766 1670 842 1754 γένει
863 1694 896 1734 τε
917 1677 1043 1756 πρῶτον,

173 1749 234 1829 Οἷς
255 1750 382 1838 ὡσπερεὶ
403 1758 521 1818 θεοῖσιν
541 1749 740 1836 ηόχόμεοθα·
768 1757 818 1818 καλ
840 1752 899 1841 γάρ
920 1748 1009 1838 ἦσαν.

159 1837 259 1904 Ὥστ’
281 1835 432 1922 ἀσφαλῶς
450 1835 654 1922 ἐπράττομεν·
681 1839 745 1902 νυνὶ
768 1837 799 1902 δ’
824 1835 892 1905 όποι
912 1837 1055 1922 τύχοιμεν

169 1921 426 2008 Στρατευόμεσθ’
450 1919 624 2007 αἲροόμενοι
652 1920 843 2008 καθάρματα
868 1922 1067 2012 στρατηγούς.

75 2025 187 2111 ltaque
210 2021 334 2110 Eupolis
361 2023 449 2087 etiam
469 2023 616 2089 Periclem
643 2025 760 2090 induxit
780 2026 830 2111 qui
855 2027 1021 2114 aegerrime
1041 2029 1150 2113 ferret,
1179 2030 1257 2116 quoti

75 2112 219 2175 virorum
239 2108 360 2172 fortium
381 2114 411 2172 et
430 2109 587 2209 proborum
608 2109 663 2174 filii
683 2116 836 2200 tantopere
857 2111 894 2176 de
919 2113 1015 2200 patria
1034 2113 1143 2179 virtute
1164 2115 1257 2205 dege·

75 2192 273 2261 notaverint:
295 2193 360 2282 ipse
370 2192 505 2258 Pericles
516 2193 553 2258 de
564 2215 619 2258 suo
634 2195 696 2259 filio
709 2195 802 2260 libere
815 2197 1012 2282 conqueritur,
1032 2198 1093 2265 viu.
1103 2199 1257 2270 Plutarch.

75 2280 133 2344 vic
156 2277 271 2342 Pericl.
293 2300 318 2342 o.
340 2276 395 2342 24:
440 2279 539 2342 Δοκεῖ
560 2278 594 2343 δὲ
620 2281 671 2342 καλ
697 2277 752 2343 τόν
777 2276 873 2346 νόθον
900 2281 933 2346 ἔκ
959 2279 1074 2366 ταύτης
1098 2291 1255 2366 τεκνῶσαι,

76 2365 150 2452 περὶ
175 2352 215 2426 οὗ
235 2363 394 2444 πεποίηκεν
414 2360 550 2440 Εόπολις
571 2365 604 2428 ἒν
623 2362 746 2448 Δήμοις
772 2363 866 2430 αὐτόν
885 2365 942 2448 μὲν
963 2364 1060 2445 οὕτως
1080 2371 1257 2456 ἐρωτῶντα·

162 2443 206 2512 Ὁ
226 2443 322 2524 νόθος
342 2447 450 2530 δόμοι
472 2449 525 2534 ζῇς
709 2465 713 2472 ’

76 2535 135 2600 τὸν
157 2533 194 2597 δὲ
215 2534 407 2620 Μυρωνλιλην
428 2529 681 2614 ἀποκρινόμενον.

494 2619 560 2680 Καὶ
581 2613 676 2680 πάλαι
696 2613 726 2702 γ’
750 2613 789 2680 όν
807 2608 846 2698 ἦν
866 2615 953 2706 άυήρ,

80 2711 86 2720 ”
173 2703 212 2764 Εἰ
231 2699 276 2782 μὴ
297 2699 332 2766 τὸ
353 2705 408 2782 τῆς
428 2695 542 2784 πόρνης
563 2695 742 2786 όπωρρῶδει
763 2698 866 2767 κακόν.
990 2765 992 2768 .

79 2809 111 2870 et
140 2803 180 2868 ad
203 2801 325 2868 eandem
346 2800 474 2866 Periclis
501 2801 664 2866 orationem
691 2803 841 2889 pertinent
866 2804 953 2869 etiam
980 2806 1037 2871 dno
1062 2808 1151 2874 iambi
1178 2810 1255 2900 apud

78 2889 274 2956 Athenaeum
294 2885 348 2952 IX.
369 2909 398 2974 p.
420 2889 484 2952 373
504 2885 546 2950 E:
579 2882 713 2963 Εόπολις
740 2887 772 2952 ἔν
792 2885 930 2971 Δήμοις·

174 2970 223 3040 Οὐ
246 2971 343 3036 δεινόν
365 2961 419 3035 οὗν
439 2969 543 3056 κριοὺς
562 2973 619 3050 μὲν
638 2969 689 3054 t‘p’
713 2973 850 3057 ἐκγεννᾶν
870 2974 971 3059 τίκνα,

160 3053 283 3142 ’Όρνεις
304 3055 336 3120 δ’
362 3053 486 3138 ὁμοίους
510 3054 584 3134 τοός
609 3056 749 3133 νεοττοός
773 3063 817 3146 τῷ
839 3061 950 3146 πατρίς

80 3157 200 3228 Eodem
222 3165 318 3233 autem
339 3158 414 3241 loco,
436 3179 492 3244 qno
512 3158 647 3224 Pericles
669 3159 705 3224 de
727 3181 780 3224 sno
802 3160 863 3225 filio
885 3163 1086 3248 conqueritur,
1108 3165 1194 3232 etiam
1216 3163 1253 3234 de

80 3245 277 3336 Hippocratis
297 3244 424 3308 filiorum
444 3245 589 3334 pravitate
610 3251 641 3308 et
660 3245 791 3330 nequitia
807 3244 895 3310 dixit:
917 3268 1054 3332 quorsum
1066 3257 1198 3340 spectant
1208 3252 1254 3319 illi
1351 3242 1367 3290 ⁸*

81 3353 204 3414 versus,
226 3350 299 3415 quos
321 3327 488 3395 Scholiasta
508 3328 718 3417 Aristophanis
738 3331 836 3395 Nuhh.
857 3352 887 3396 v.
907 3333 990 3398 ¹001
1013 3337 1156 3402 servavit:
1181 3343 1256 3416 Τοῖς

75 3413 316 3502 Ἱπποκράτους·
348 3405 434 3478 οὗτοί
459 3417 533 3479 εἰσιν
555 3414 758 3494 Τελέσιππος,
785 3415 963 3502 Δημοφῶν,
990 3421 1160 3506 Περικλῆς,
1179 3425 1255 3488 ’διαὶ-

81 3498 270 3584 βαλλάμενοι
292 3501 334 3576 εἰς
354 3495 484 3564 ὑωδίαν·
506 3501 557 3562 καλ
579 3496 713 3575 Εόπολλς
734 3523 828 3585 φησιν
849 3502 881 3564 ἓν
901 3498 1035 3586 Δήμοις·

164 3581 387 3670 Ἱπποκράτους
406 3607 438 3648 τε
459 3586 564 3660 παῖδες
591 3580 755 3666 ἔμβόλεμοί
772 3598 849 3662 τινες

96 3718 99 3725 ·
170 3669 319 3754 Βληχητολ
345 3667 641 3752 τέκνα,,κοῦιλαμῶς
666 3675 721 3734 τοῦ
741 3668 869 3756 τρόπον.

83 3773 128 3839 At
147 3774 308 3863 permirum
330 3777 376 3836 est
395 3769 542 3834 Periclem
564 3793 582 3836 a
603 3770 770 3836 Scholiasta
795 3772 847 3837 illo
867 3772 946 3838 inter
966 3773 1027 3864 Hip
1047 3777 1154 3841 ocratis
1176 3777 1253 3846 filios

83 3859 210 3924 resen-i:
254 3879 339 3943 qnam
367 3854 566 3920 difficultatem
593 3859 688 3922 sensit
707 3855 905 3940 Fritzschius‚
934 3859 983 3944 qui
1010 3795 1048 3926 ah
1068 3858 1252 3948 Babylonios

83 3967 114 4032 p.
123 3945 167 4010 42
185 3944 348 4023 Λυσικλῆς
368 3939 553 4006 scribendum
574 3948 688 4006 censet:
710 3942 797 4006 immo
814 3963 883 4006 uero
896 3943 1024 4008 Periclis
1044 3965 1151 4010 nomen
1171 3958 1252 4015 reete

85 4029 247 4108 sehabet,
275 4027 362 4092 etde
383 4025 482 4114 spurio
504 4028 605 4113 magui
631 4026 712 4090 illius
732 4026 860 4090 Periclis
887 4029 948 4092 lilio
971 4029 1168 4118 accipiendum
1190 4043 1269 4100 est:¹

80 4113 194 4200 ''Pelesi
233 4133 268 4175 us
291 4119 385 4177 autem
412 4118 443 4175 et
462 4109 638 4198 Demophon
659 4111 848 4212 Hippocratis
875 4119 944 4177 sunt
971 4113 1038 4176 olii:
1068 4114 1134 4202 ipsa
1154 4126 1250 4186 autem

5 4263 6 4270 ,
85 4201 180 4265 rerha
194 4134 353 4285 Hupolidis
373 4196 415 4260 ita
436 4195 618 4262 emendanda
638 4217 705 4260 esse
725 4195 837 4261 iudicor

171 4285 246 4346 Σοῦ
268 4279 304 4344 θ’
324 4276 543 4366 Ἱπποκράτους
561 4304 594 4344 τε
615 4282 720 4356 παῖόες
745 4277 909 4363 treatment
926 4304 1003 4358 τινες

171 4363 319 4452 Βληχητά
337 4363 427 4432 τέκνα
448 4363 612 4449 κοόδαμῶς
631 4370 698 4432 τοῦ
720 4373 786 4433 σοῦ
808 4363 934 4454 τρόπον.
