3096 5062
364 273 586 353 naama
608 271 1087 353 coadunatarum.
1241 275 1305 346 2⁰1

142 446 260 528 valere,
288 443 347 512 vid.
367 445 447 512 Plut.
469 467 495 511 c.
516 444 558 512 id
579 449 723 510 mhemo.
765 441 827 509 Sed
847 463 908 508 nou
933 444 975 508 ita
995 435 1086 510 multo
1124 443 1179 510 'st
1198 443 1304 510 adver-

142 533 286 598 sariorum
307 551 398 620 opera
418 551 458 596 ex
479 529 597 594 civitate
618 529 728 594 eiectus
750 536 812 609 est,
832 528 893 593 vid.
914 527 994 594 Plut
1016 532 1059 594 17
1064 553 1072 594 ι
1135 530 1146 594 i
1167 530 1202 594 δὲ
1227 529 1304 617 πρὸς

1 609 2 629 ’
141 615 233 702 ὀργὴν
254 612 438 691 ἀπελθόντες
463 611 524 698 ἤδη
545 613 609 691 dote
638 613 834 691 λακωνίζουσι
862 617 1003 699 φανερῶς
1029 613 1225 695 ἐχαλέπαινον
1252 617 1305 680 καί

140 701 195 766 τόν
214 701 346 782 Κίμωνα
367 703 480 784 μικρῶς
509 694 720 780 ἐπιλαβόμενοι
741 693 923 783 προφάσεως
944 695 1168 783 ἐξωστράκισαν
1188 703 1231 776 είς
1250 697 1304 784 ἐτη

141 787 225 851 δέκα.
247 807 301 851 ex·
326 805 364 850 uo
385 783 449 850 loco
471 784 545 849 satis
566 783 640 848 illud
661 789 791 872 apparet,
814 780 966 848 Cimonem
988 783 1111 865 multos,
1132 785 1181 870 qui
1202 785 1305 851 cadem

141 872 297 951 sentirent,
308 807 459 934 ¹hahuisse
474 869 592 934 amieos.
613 867 689 933 Post
709 888 781 932 vero
790 866 992 932 Athenienses
1013 868 1142 933 leuitatis
1162 869 1306 958 poenituit

142 963 228 1042 atque
249 955 313 1044 ipae
334 953 485 1035 Pericles,
511 960 544 1017 ut
564 959 629 1017 erat
649 973 758 1039 magno
779 958 809 1016 et
829 952 945 1017 liberali
966 953 1079 1035 auimo,
1101 955 1169 1018 huic
1189 953 1305 1019 deside-

140 1041 187 1105 rio
209 1039 356 1104 concessit
377 1038 586 1123 Cimonemquo
606 1038 742 1102 restituit
763 1035 860 1101 Erant
880 1043 976 1102 numm
997 1059 1070 1102 sane
1086 1038 1214 1104 Athenis
1235 1046 1305 1104 tuuc

141 1145 202 1190 uou
224 1125 321 1214 pauci,
342 1124 391 1208 qui
401 1121 565 1204 Cimonem,
605 1122 691 1211 uippe
720 1122 752 1185 ui
771 1121 902 1186 studiose
917 1122 1051 1207 antiquos
1073 1123 1306 1189 moresetiusti·

141 1217 205 1275 tuta
225 1216 374 1290 tueretur,
395 1207 577 1296 multumpra
608 1213 709 1272 errent
746 1205 845 1287 ericli,
863 1207 992 1270 novitiae
1009 1207 1182 1296 discipliuae
1195 1210 1307 1274 auctori

143 1302 229 1380 atque
249 1293 375 1375 vindici,
395 1291 427 1357 id
448 1291 524 1378 quod
545 1291 632 1356 etiam
652 1290 830 1356 Plutarchus
850 1290 883 1354 iu
903 1289 1030 1356 Periclis
1050 1293 1112 1356 vita
1133 1295 1190 1357 ο.7
1212 1293 1307 1376 docet,

142 1379 212 1444 licet
232 1378 283 1442 ille
303 1397 357 1442 suo
383 1395 465 1442 more
486 1375 581 1463 magis
603 1382 756 1441 externam
777 1376 824 1440 rei
844 1375 972 1465 speciem
993 1376 1201 1482 descripserit,
1221 1399 1307 1464 quam

141 1463 307 1528 reddiderit
326 1461 488 1526 rationem:
517 1459 602 1526 Ἀλλ’
626 1456 669 1537 ῶς
688 1459 766 1525 ἐοικι
792 1461 900 1535 δεδιῶς
924 1461 981 1541 μέν
1001 1460 1164 1546 (Pericles)
1184 1464 1308 1552 υποψίρι

142 1555 313 1632 περιπεσεῖν
332 1546 519 1634 τυρηιννίδος,
541 1541 622 1629 ὁρῶν
642 1542 933 1631 δόριστοκρατικόν
952 1544 1007 1610 τδν
1019 1546 1150 1626 Κίμωνα
1170 1549 1220 1610 καὶ
1243 1549 1309 1611 δια-

142 1655 182 1718 φε
203 1628 297 1706 όντως
323 1628 383 1694 ὕπὸ
404 1635 466 1695 τῶν
487 1633 590 1694 καλῶν
610 1628 649 1694 sd
669 1635 759 1694 αθῶν
779 1627 979 1713 ἀγαπώμενον
998 1626 1119 1716 ὑπῆλθε
1139 1631 1213 1708 τους
1232 1637 1309 1697 πολ-

141 1721 162 1781 λ
201 1740 217 1793 ς
237 1711 406 1802 όσφόλειαν
425 1715 482 1797 μέν
502 1711 603 1804 denuoi
609 1761 619 1794 ,
641 1653 771 1797 όόναμιν
792 1715 827 1779 δέ
846 1712 916 1780 κατ’
939 1715 1052 1780 ἐκείνου
1079 1712 1310 1801 παρασκευαζό-

141 1821 248 1884 μενος·
274 1799 371 1878 eddela
391 1800 426 1866 δέ
446 1801 497 1864 καλ
520 1809 585 1876 τοῖς
605 1801 673 1884 περί
694 1799 750 1882 τὴν
770 1799 892 1864 δίαιταν
912 1797 1019 1885 ἑτέραν
1038 1795 1124 1877 τόξιν
1145 1801 1308 1886 ἐπέθηκεν·

143 1883 218 1952 tote
238 1909 270 1950 τε
290 1885 349 1970 γὰρ
371 1885 404 1951 ἐν
424 1882 509 1950 dcccc
528 1885 604 1966 μίαν
624 1883 742 1970 ἑωρᾶτο
762 1884 819 1967 τὴν
839 1882 892 1950 ἐπ’
914 1883 1031 1970 ἀγορὰν
1050 1888 1102 1949 καί
1122 1884 1158 1950 τό
1178 1891 1308 1968 βουλευ-

141 1967 249 2056 τήριον
270 1967 472 2054 πορευόμενος
499 1966 619 2051 κλήσεις
646 1993 678 2034 τε
704 1969 833 2034 δείπνων
859 1971 910 2034 καὶ
935 1968 992 2053 τὴν
1017 1966 1163 2054 τοιαύτην
1184 1967 1308 2038 ἅπασαν

143 2053 376 2143 φιλοφροσύνην
397 2056 447 2118 καί
461 2050 634 2136 ’συνήθειαν
654 2052 795 2131 ἐξέλιπεν.
836 2053 936 2141 Amne
962 2061 1082 2156 praetor
1111 2063 1226 2122 cetoros
1252 2056 1307 2123 lon

143 2141 276 2230 tragicum
297 2147 398 2241 poeta,
440 2146 472 2203 ut
491 2139 644 2228 ingenium
670 2139 743 2204 eiusv
761 2161 789 2206 m
832 2140 858 2204 's
880 2139 918 2205 ad
943 2149 1090 2226 antiquam
1115 2141 1197 2206 illam
1222 2163 1308 2230 quam
1422 2215 1425 2220 ,

144 2225 182 2292 ad
215 2225 356 2290 novitiam
387 2223 571 2313 disciplinam
603 2223 780 2306 inclinabat,
831 2225 966 2290 'monem
994 2224 1115 2290 multum
1142 2227 1309 2317 anteposuit

143 2311 273 2392 Pericli,
314 2309 345 2374 id
395 2309 454 2375 uod
479 2309 658 2374 Plutarchus
692 2330 805 2396 quoque
841 2309 991 2398 significat
1024 2309 1077 2375 vit
1098 2309 1208 2378 Perich
1230 2335 1255 2379 c.
1269 2312 1308 2380 δι

138 2391 224 2461 ’0δέ
244 2393 371 2477 ποιητὴς
412 2418 454 2458 ων
473 2391 653 2477 μοθωνικήν
673 2417 750 2480 φησι
770 2393 827 2477 τὴν
847 2391 968 2476 ὁμιλίαν
989 2396 1039 2459 καὶ
1055 2391 1214 2482 ὑπότυφον
1235 2394 1310 2462 εέναι

143 2485 201 2545 aod
227 2480 413 2563 Περικλέους
444 2481 495 2542 καὶ
520 2487 588 2555 ταῖς
616 2479 835 2564 μεγαλαυχίαις
867 2478 964 2545 αὐτοῦ
995 2479 1111 2564 πολλὴν
1136 2479 1310 2568 ὑπεροψίαν

145 2563 355 2648 ἀναμεμίχθαι
377 2565 427 2628 καί
454 2560 672 2649 περιφρόνησιν
695 2570 759 2630 τῶν
779 2561 893 2628 ἄλλων·
921 2565 1038 2629 ἐπαινεῖ
1054 2563 1088 2629 δέ
1108 2565 1144 2630 τό
1166 2569 1311 2648 Κίμωνος

145 2651 273 2732 ἐμμελές
293 2652 343 2713 καί
364 2644 459 2734 όγρόν
478 2651 529 2712 καί
548 2649 787 2730 μεμουσωμένον
806 2651 839 2714 ἐν
852 2657 967 2724 ταΐςπε
988 2657 1125 2758 ιφοραΐς·
1146 2648 1212 2714 ἀλλ’
1219 2650 1311 2718 Ἴωνα

145 2735 203 2818 μέν
222 2732 324 2819 ῶσπερ
344 2731 490 2818 τραγικὴν
510 2734 710 2798 διδασκαλίαν
723 2732 868 2809 ἀξιοῦντα
888 2729 945 2816 τὴν
964 2673 1075 2819 όρετην
1094 2732 1171 2816 έχων
1181 2759 1211 2798 τι
1232 2733 1310 2800 πόν-

145 2845 208 2897 τως
227 2821 278 2884 καί
300 2816 464 2903 σατυρικόν
484 2817 577 2900 μέρος
597 2819 702 2898 ἐῶμεν.
735 2817 810 2882 addo
830 2838 905 2904 quae
931 2837 971 2882 ex
992 2817 1094 2883 eodem
1121 2817 1195 2883 lone
1221 2820 1311 2888 affert

146 2905 324 2970 Plutarchus
351 2904 384 2967 in
408 2902 471 2967 vita
497 2900 630 2970 Cimonis
657 2923 682 2966 c.
703 2901 744 2983 ⁵3
775 2901 852 2967 idem
873 2923 910 2966 ue
940 2902 973 2966 iu
1000 2905 1215 2968 commentariis
1247 2908 1310 2973 suis

146 2991 301 3080 professus
322 2999 384 3070 est,
412 2985 565 3053 Cimonem
591 2986 715 3074 ingenio
742 2987 814 3052 satis
840 2923 1005 3052 lihoraliter
1029 2987 1146 3052 exculto
1167 2989 1261 3056 fuisse
1281 2999 1312 3057 et

147 3075 275 3142 maxime
301 3071 527 3140 Atheniensium
559 3071 704 3136 civitatem
737 3072 840 3162 opihus
868 3079 899 3137 et
930 3072 1041 3138 divitiis
1072 3074 1193 3140 auxisse
1250 3077 1312 3144 vid.

147 3159 229 3225 Plut
257 3161 308 3224 vit
330 3157 406 3224 Cim.
432 3178 458 3222 c.
479 3157 515 3222 9:
542 3157 763 3238 Συνδειπνῆσαι
795 3157 829 3221 δέ
857 3162 902 3246 τῷ
929 3158 1053 3238 Κίμωνί
1070 3183 1166 3307 φησιν
1194 3123 1310 3241 όἼων,

148 3243 325 3310 παντόπασι
345 3237 501 3324 μειράκιον
525 3238 608 3326 ἥκων
633 3244 675 3318 εές
691 3239 826 3324 Ἀθήνας
847 3243 881 3307 ἐκ
901 3243 984 3307 Χίου
1005 3268 1068 3328 παρ
1111 3245 1312 3326 Λαομέδοντι

149 3333 200 3394 καὶ
221 3335 283 3394 τῶν
303 3328 444 3394 σπονδῶν
463 3328 629 3438 γενομένων
653 3351 698 3392 πα
719 3327 907 3410 αιιληθένεος
928 3320 1001 3417 ᾆσαι
1023 3332 1073 3392 καί
1102 3325 1233 3418 ᾄσαντος
1255 3331 1312 3397 ode

150 3414 254 3497 ἀηδῶς
275 3415 405 3478 ἐπαινεῖν
424 3435 497 3489 τους
518 3410 672 3498 παρόντας
692 3437 734 3489 ως
754 3409 928 3498 δεξιιότερον
945 3414 1202 3497 Θεμιστοκλέους·
1224 3413 1318 3482 πόλιν

150 3502 185 3566 δέ
206 3505 332 3582 ποιῆσαι
352 3494 486 3580 μεγάλην
506 3501 556 3561 καί
578 3499 727 3563 πλουσίαν
745 3499 943 3564 ἐπίστασθαι.
978 3497 1118 3566 Cratinus
1140 3510 1247 3584 autem,
1268 3504 1312 3568 uti

150 3585 242 3652 ceteri
263 3584 366 3649 comici
385 3589 489 3671 poetae
510 3603 627 3665 omnes,
654 3583 834 3670 antiquitatis
860 3590 891 3648 et
912 3582 1047 3649 laudator
1067 3593 1098 3650 et
1117 3586 1228 3652 vindex
1255 3588 1312 3652 fuit

150 3670 327 3748 acerrimum
348 3669 445 3752 itaque
466 3666 643 3732 huucmulta
663 3667 1006 3734 iuLaoedaemoniorum
1027 3670 1116 3736 rehus
1138 3678 1168 3734 et
1187 3671 1311 3760 puhlicis

151 3763 182 3820 ct
193 3754 360 3820 domesticis
381 3773 415 3817 sa
435 3751 531 3816 lenter
550 3752 684 3817 instituta
697 3751 845 3835 laudasse,
865 3753 1104 3843 populariumque
1119 3755 1312 3822 inveteratum
1348 3755 1350 3767 “

150 3840 185 3904 iu
205 3838 368 3930 Spartanos
395 3773 491 3902 odium
519 3836 732 3924 hnnprohavisse
764 3846 991 3903 consentaneum
1018 3847 1072 3903 est.
1114 3838 1213 3903 Etiam
1240 3841 1312 3906 Ari·
1388 3875 1392 3880 ·

151 3923 329 4014 stephanos,
350 3922 407 3987 etsi
427 3921 567 3984 infestum
579 3919 735 4010 Spartanis
756 3924 882 3987 animum
904 3923 1073 4011 plerumque
1094 3944 1166 4010 prae
1187 3945 1220 3988 se
1232 3925 1311 4008 tert,

151 4023 206 4074 eos
226 4017 324 4073 manen
344 4008 382 4072 ah
401 4006 510 4072 iniusto
530 4005 757 4071 Atheniensium
776 4007 844 4072 edio
864 4007 995 4073 vindicat
1015 4008 1047 4072 iu
1068 4006 1312 4078 Acharneusihus
1362 4019 1366 4030 ‘

151 4115 182 4161 v.
196 4095 277 4161 δῦθι

233 4169 311 4258 Ἕγῶ
330 4173 365 4238 δέ
383 4178 466 4256 μισῶ
485 4172 541 4256 μέν
557 4173 825 4255 Λακεδαιμονίους
845 4172 977 4264 σφόδρα,

237 4259 376 4334 Καότοῖς
396 4255 413 4322 ό
433 4257 595 4324 Ποσειδῶν
615 4255 686 4323 οόπί
709 4256 855 4348 Ταινόρῲ
875 4261 951 4338 θεός
1020 4255 1025 4266 ’

237 4346 349 4420 Σιίσας
369 4340 483 4410 ἅπασιν
505 4341 634 4427 ἐμβάλοι
655 4342 711 4420 τδς
731 4346 837 4422 οἰκίας.
