3096 5062
276 309 341 378 236
483 335 494 347 ’
655 234 1058 374 commones

361 473 431 541 Τόν
451 471 485 539 d'
508 467 666 556 άπληστον
686 474 789 536 κακῶν

360 557 422 642 Μή
443 557 512 624 ποτ’
537 559 569 623 ἓν
590 552 674 620 πόλει
700 551 809 620 στάσιν

342 643 442 716 ,Ίίἶιλ1
466 639 631 725 ἐπεύχομαι
651 639 792 726 βρέμειν·

402 729 456 812 att
476 734 590 794 πιοῦσα
616 723 696 802 κόνις
716 725 814 807 μίλαν
834 718 914 805 αἷμα
935 729 1064 790 πολιτᾶν

361 813 416 880 Δι’
440 812 533 900 ὀργάν
555 811 662 888 ποινάς
683 809 749 876 άντι
778 806 866 884 όνοιις
887 806 965 886 dcccc
985 805 1152 890 ἁρπαλίσαι
1175 806 1301 890 πόλεως.

275 899 395 1054 filyyrus
423 901 503 966 enim
523 896 719 962 Eumenidum
740 835 817 960 idem
838 902 991 983 precatur,
1023 893 1099 981 quod
1121 917 1211 986 supra
1231 919 1260 964 v.
1280 901 1344 968 861
1367 899 1443 970 dixit

343 1007 430 1050 erva:

282 1063 286 1074 ⁸
357 1067 450 1152 Mud’
475 1065 607 1148 ἔκζίοοσ’
631 1062 674 1142 ῶς
694 1065 824 1150 καρδίαν
844 1057 1015 1148 ἀλεκτόρων

355 1153 407 1219 Ἐν
427 1162 491 1230 τοῖς
511 1155 596 1235 ἐμοῖς
614 1150 752 1217 άστοῖσιν
772 1145 983 1234 λόρόσηςἍρη

353 1233 522 1328 Ἔμφάλιόν
542 1262 575 1302 τε
597 1237 647 1301 καλ
669 1234 745 1322 πρὸς
766 1229 909 1317 ἀλληλοις
925 1227 1064 1318 θρασόν·

360 1325 499 1410 Θνραῖος
519 1321 598 1387 ἴστω
619 1317 750 1402 πόλεμος
771 1317 790 1402 ἢ
810 1315 900 1401 μόλις
920 1313 1037 1404 παρῶν,

354 1408 406 1474 Ἔν
427 1400 452 1497 ᾧ
473 1433 520 1484 τις
541 1405 625 1472 dorm
648 1404 743 1482 δεινός
764 1404 898 1480 εὐκλείας
919 1401 1005 1488 ἔρως.

354 1494 501 1558 Ἐνοικίοο
523 1491 554 1556 d’
580 1489 706 1576 ὄρνιθος
726 1487 763 1555 od
785 1490 863 1574 λέγω
882 1485 995 1572 μάχην.

270 1581 318 1648 ltu
345 1581 463 1668 corrigo
490 1579 775 1668 primum'versum,
807 1575 900 1663 vulgo
927 1572 1075 1651 εξελοῦθ.
1107 1597 1259 1666 compares
1288 1578 1441 1648 Prometh.

270 1689 300 1736 v.
320 1668 401 1734 37οι
711 1664 713 1672 '

360 1745 487 1814 Τοιόνάε
509 1750 544 1812 Τ
543 1745 627 1834 coola
648 1743 816 1824 ἐξαναζέσει
835 1741 939 1828 χόλον.

272 1836 413 1904 Ceterum
434 1834 582 1899 sententia
602 1853 663 1898 nou
684 1831 837 1896 dissimilis
859 1839 933 1896 esta
954 1829 991 1896 ud
1003 1829 1164 1896 Pindarum
1179 1831 1377 1924 olympum.
1389 1835 1442 1902 lo.

271 1921 383 1988 Eodem
405 1919 491 1986 modo
512 1914 619 1994 στάσις
639 1916 856 2006 Aristophanes
877 1917 910 1981 in
981 1915 1027 1979 nis
1049 1936 1078 1980 v.
1099 1916 1177 1982 3⁵8.

346 2005 395 2070 Ἢ
412 2001 520 2086 στάσιν
541 2001 659 2087 λχθριλν
677 2001 722 2084 μὴ
744 1997 896 2080 καταλόει,
917 2001 995 2086 μηδ’
1020 1997 1144 2077 εόκολός
1163 2003 1227 2066 ἐστι
1248 2007 1398 2088 πολιταῖς,

277 2114 279 2120 ·
349 2089 435 2156 Ἀλλ’
459 2087 599 2174 ἀνεγείρει
621 2088 671 2152 καλ
693 2085 815 2173 ῥιπίζει,
843 2090 958 2171 κερδῶν
979 2087 1064 2151 ίόίιον
1085 2087 1255 2169 ἐπιθυμῶν.

270 2199 339 2242 nam
360 2177 434 2240 haec
455 2195 568 2260 quoque
590 2173 627 2237 de
648 2171 809 2238 domestica
829 2171 977 2238 discordia
1003 2171 1173 2260 accipienda
1200 2180 1282 2238 aunt:
1309 2173 1382 2240 belli
1407 2175 1442 2242 iu

269 2263 319 2344 iis,
340 2281 414 2347 quae
436 2259 664 2344 subsequuntur,
686 2257 720 2322 lit
740 2257 858 2322 mentio.
886 2257 927 2324 Et
941 2259 979 2323 'in
994 2253 1312 2346 Thesmophoriazusio
1332 2281 1361 2326 v.
1375 2262 1443 2330 788

268 2341 376 2420 στάσις
397 2343 524 2409 dilucido
545 2342 737 2428 distinguitur
758 2363 776 2406 a
797 2341 891 2407 bello:

349 2426 406 2505 Ὡς
428 2434 488 2493 πᾶν
509 2429 599 2510 ἐσμέν
620 2427 714 2492 κακόν
735 2423 912 2514 ἀνθρώποις
932 2422 990 2504 κάξ
1010 2423 1098 2511 ἡμῶν
1118 2428 1200 2493 ἐστὶν
1220 2425 1342 2494 ἅπαντα

346 2512 481 2602 Ἓριδες,
504 2515 599 2593 νείκη,
621 2509 728 2588 στάσις
749 2510 899 2596 άργαλία,
921 2509 1017 2596 λόπη,
1041 2509 1182 2594 πόλεμος.

269 2603 312 2668 ita
332 2601 411 2668 enim
432 2607 463 2666 et
482 2599 605 2664 numero
627 2604 657 2662 et
677 2599 825 2662 sententia
844 2597 998 2688 flagitante
1010 2599 1176 2685 distinguo:
1198 2599 1249 2664 vul
1302 2597 1441 2685 άργσλία

271 2687 309 2754 ad
329 2684 429 2768 λόπην
449 2685 588 2750 refertur.
619 2682 718 2770 Atque
744 2682 786 2748 ita
806 2685 894 2750 etiarn
916 2683 968 2749 alii
993 2691 1115 2774 poetae,
1140 2683 1262 2773 Bacchy
1275 2684 1338 2750 ‘des
1360 2687 1442 2776 apud

268 2772 427 2839 Stobaoum
449 2769 515 2836 Ecl.
536 2769 633 2856 Phys.
654 2768 679 2834 l.
700 2768 736 2834 9:

287 2876 310 2918 ‚¹
355 2857 503 2922 Θνατοῖσι
525 2854 556 2919 δ’
580 2853 637 2918 οὐκ
659 2851 839 2940 αὐθαίρετοι

356 2939 434 3008 οότ’
459 2938 551 3022 όλβος
573 2937 635 3004 οιί’τ’
659 2938 836 3023 άγναμπτος
849 2935 943 3022 ’Ἅρης
965 2935 1033 3004 odra
1056 2933 1256 3024 πόμφθερσις
1277 2936 1394 3018 στάσις.

268 3027 310 3094 ut
330 3029 368 3094 de
388 3027 530 3091 intestina
550 3025 698 3092 discordia
717 3027 805 3090 etiam
826 3025 976 3090 Pindarus
998 3025 1074 3090 dixit
1094 3026 1212 3114 Olymp.
1233 3025 1302 3093 XII.
1325 3030 1380 3096 lo:

353 3115 392 3176 El
411 3109 455 3193 μὴ
477 3106 583 3188 στάσις
604 3106 776 3196 ἀντιάνειρα
796 3110 940 3188 Κνωσίας
961 3108 1072 3196 άμερσε
1094 3111 1223 3196 πάτρας.
1397 3112 1400 3117 ’

266 3205 297 3265 et
315 3198 402 3264 Nem.
418 3195 473 3262 lX.
487 3196 543 3263 13:
896 3203 900 3211 '

356 3285 453 3365 Φεῧγε
473 3281 532 3366 γάρ
545 3275 743 3366 Ἀμφιάρηόν
764 3305 796 3344 τε
817 3279 1022 3366 θρασυμήδεα
1044 3284 1095 3347 καλ
1117 3282 1217 3348 δεινὰν
1238 3278 1346 3347 στάσιν

350 3363 515 3455 Πατρῴων
536 3364 627 3430 οἴκων
648 3362 748 3430 άπόπ’
766 3363 898 3452 Ἄργεος.

268 3451 319 3520 Sic
346 3453 441 3540 igitur
461 3452 547 3517 etiam
568 3451 703 3516 Pericles
725 3451 884 3517 Discordia
909 3452 1068 3518 domestica
1090 3460 1252 3542 prognatus
1274 3475 1341 3520 esse
1362 3455 1438 3522 dici-

267 3546 334 3620 tur3
364 3558 460 3624 neque
488 3536 655 3622 est,1quod
685 3537 742 3602 hoc
768 3559 786 3602 a
811 3544 899 3637 poeta
925 3539 1022 3603 lictum
1044 3539 1177 3620 mireris,
1207 3561 1272 3604 cum
1298 3540 1437 3607 Pericles

286 3623 408 3691 lurimos
441 3643 535 3688 annos
563 3623 757 3711 gravissimas
788 3622 957 3689 inimicitias
982 3645 1046 3690 cum
1076 3623 1215 3707 Cimone,
1243 3623 1437 3712 Thucydide,

266 3647 446 3791 llronide,
473 3708 622 3774 Leocrate
649 3707 718 3772 aliis
744 3707 927 3790 exercuerit,
953 3729 1017 3774 cum
1040 3731 1124 3796 quam
1151 3710 1201 3774 diu
1227 3709 1361 3776 Pericles
1387 3713 1437 3778 rei
1530 3709 1531 3739 ¹

266 3733 400 3887 pullioae
420 3793 565 3883 praefuit,
607 3792 759 3858 multitudo
778 3802 810 3856 et
835 3813 853 3856 o
874 3794 988 3858 limatos
1015 3795 1081 3860 fero
1106 3795 1172 3860 sine
1196 3795 1258 3861 ulla
1283 3797 1436 3862 intermis-

266 3883 351 3946 sione
378 3879 415 3946 de
437 3879 586 3944 dominatu
607 3878 821 3944 contenderint
851 3813 1134 3946 decumanorum
1161 3887 1273 3968 patrem
1295 3877 1436 3966 (Κρόνον

267 3966 344 4032 onim
358 3965 476 4030 omniuo
489 3963 647 4065 legendum
661 3971 707 4029 est
719 3985 773 4053 pro
789 3960 915 4049 χρόνον)
924 3965 1052 4029 Periclis
1065 3985 1133 4030 esse
1146 3987 1206 4030 non
1218 3967 1324 4032 inscite
1345 3968 1435 4034 linxit

267 4049 420 4133 Cratinus,
441 4069 578 4136 quomam
588 4049 671 4113 illum
693 4049 839 4114 cumlove
851 4050 939 4137 Olym
959 4051 989 4115 io
1005 4051 1069 4116 lere
1091 4071 1261 4140 comparare
1282 4052 1431 4118 solebant:

266 4135 340 4210 hinc,
357 4136 444 4200 etiam
465 4133 613 4200 Periclem
634 4134 736 4202 eodem
758 4141 918 4223 patreque
939 4071 1040 4202 lovem
1063 4157 1146 4200 usum
1167 4159 1236 4203 esse
1256 4135 1336 4203 dicit.
1528 4197 1529 4210 ,

351 4219 401 4289 Ad
423 4219 546 4287 eandem
573 4219 650 4284 hanc
676 4219 804 4284 labrrlam
832 4227 863 4285 et
882 4221 938 4286 hoc
957 4221 1053 4320 ipsum
1079 4221 1162 4286 chori
1188 4243 1306 4288 carmen
1331 4223 1432 4288 refero
1528 4223 1529 4260 l

265 4307 353 4374 etiam
374 4327 411 4370 ea
437 4326 511 4390 quae
532 4304 710 4372 Plutarchus
732 4305 763 4368 iu
786 4304 845 4370 vita
865 4304 993 4370 Periclis
1014 4328 1039 4370 c.
1061 4305 1104 4369 λλ
1124 4330 1164 4372 ex
1186 4307 1309 4374 Cratino
1323 4307 1429 4389 affert,

264 4391 383 4462 fabulae
410 4389 525 4478 quidem
552 4389 670 4462 nomine
699 4411 759 4456 non
785 4390 912 4456 adiecto:
940 4389 992 4454 Ἕν
1013 4390 1048 4456 dd
1068 4397 1135 4469 ταῖς
1161 4394 1336 4482 κωμῳδίαις
1354 4391 1429 4476 Ὀμ-
1528 4465 1529 4476 ρ
