3000 5048
297 333 358 401 DE
378 331 522 412 nocte
543 327 731 401 COMOED.
753 331 860 402 ΑῊ.
880 331 1027 408 Ammo.
1178 329 1246 404 Μ

79 501 269 591 Antiphontis
282 501 447 604 exemplum
459 500 626 590 applicaret
647 499 907 568 deindenullavel
929 511 1008 566 certe
1029 499 1141 589 exiguo
1162 500 1245 567 simi·

78 587 169 653 litudo
190 587 346 652 intercedit
372 594 451 652 mter
478 587 629 673 utriusque
655 588 764 668 veiha,
792 593 821 654 et
848 586 943 674 aptius
965 586 1030 672 quis
1051 585 1245 674 Antiphontis

78 673 252 738 sententiam
280 693 344 736 com
371 671 544 760 Sophocleis
576 671 712 736 versibus
743 671 951 774 composuerit:
995 671 1048 736 sed
1073 671 1141 759 ipsa
1169 673 1245 737 haec

78 757 225 823 sententia
244 756 287 820 ita
306 756 364 822 fnit
382 755 558 906 pervnlpata
578 763 608 820 et
625 757 756 824 ¹omnium
777 764 847 821 trita
862 777 924 838 ore,
946 763 979 820 ut
998 756 1073 820 nihil
1094 757 1244 858 impediat,

77 863 133 928 quo
154 841 251 906 urinus
272 847 448 922 statuamus,
469 861 570 930 pures
591 861 724 908 seorsum
746 863 782 906 ea
803 863 874 906 usus
897 863 974 906 esse.
1003 841 1095 906 Immo
1117 849 1246 906 sirecte

76 928 155 991 hunc
175 947 293 992 versum
314 927 466 990 retulimus
488 926 525 991 ad
546 928 682 1008 Παῖδας,
704 948 743 990 ne
763 928 857 1016 potuit
878 927 992 1011 quidem
1014 924 1168 1014 Antiphon
1188 927 1245 992 hac

77 1009 264 1101 Theopompi
284 1009 386 1076 fabula
407 1011 466 1093 uti,
494 1010 599 1100 quippe
621 1033 694 1111 puae
717 1011 801 1076 docta
822 1013 862 1076 sit
881 1017 948 1100 post
968 1009 1162 1099 Antiphontis
1183 1034 1245 1078 ma·

76 1097 166 1178 ioris,
188 1097 270 1160 cuius
291 1095 349 1160 ista
370 1105 417 1160 est
437 1095 600 1178 sententia,
632 1096 792 1162 mlaustum
814 1097 932 1162 obitum.
974 1096 1051 1160 Nam
1073 1117 1245 1182 quamquam

76 1202 132 1268 quo
167 1187 297 1269 tempore
328 1187 416 1270 poeta
439 1181 516 1246 hanc
546 1181 724 1246 comoediam
758 1181 904 1264 docuerit,
936 1181 1125 1266 ignoramus,
1156 1189 1245 1246 tenue

76 1273 174 1332 tamen
186 1273 321 1354 superest
331 1267 406 1330 vesti
431 1265 499 1332 hm.
521 1265 689 1331 Scholiasta
701 1265 1112 1355 enimAristophanisAvium
1126 1267 1247 1332 v.1588

76 1349 309 1440 aTheopompo
336 1351 398 1416 illic
451 1350 619 1440 aespodiam
646 1349 716 1414 dicit
741 1351 861 1416 irrisum
890 1373 972 1416 esse:
1016 1351 1183 1432 Μίμνηται
1212 1349 1246 1414 δὲ

76 1433 172 1500 αὐτοῦ
198 1433 350 1519 Φρύνιχος
372 1437 404 1501 ἔν
426 1437 617 1516 Κωμασταῖς
637 1431 678 1510 ὥς
700 1441 865 1517 πολεμικοῦ
885 1433 1055 1520 γεγονότος,
1081 1433 1246 1512 Φιλύλλιος

76 1521 109 1584 δὲ
131 1521 164 1584 ἓν
184 1529 252 1596 ταῖς
272 1521 462 1606 Πλαντρίαις
488 1517 531 1596 ὡς
552 1522 729 1605 φιλοδίκου·
757 1518 814 1602 ’ἔχει
837 1521 871 1584 dd
892 1524 942 1584 nol
964 1523 1030 1606 περὶ
1051 1519 1106 1595 τὰς
1127 1517 1246 1604 κνήμας

74 1605 159 1680 τινας
182 1607 295 1682 αἰτίας,
327 1603 368 1682 ὥς
390 1630 465 1692 φησι
488 1602 637 1688 Στράττις
658 1607 690 1668 ἐν
711 1607 861 1693 Κινησίᾳ·
892 1604 939 1668 διὸ
961 1609 1011 1670 καλ
1033 1604 1111 1668 κατὰ
1132 1611 1248 1670 σκελῶν

76 1685 180 1776 ἐφόρει
200 1690 236 1754 τὸ
258 1688 388 1772 λμολτιον,
410 1687 451 1766 ὡς
469 1687 653 1769 Θεόπομπος
674 1689 706 1752 ἓν
726 1691 852 1754 Πατσίν.
874 1691 916 1756 ita
937 1689 1173 1778 corruptissimus
1194 1691 1247 1758 illo

74 1775 157 1839 locus
178 1776 392 1862 corrigendus,
423 1773 455 1838 in
477 1795 532 1860 quo
560 1793 625 1838 cnm
646 1773 706 1838 alia
736 1795 828 1862 prava
847 1773 1041 1863 legebantur,
1067 1783 1127 1840 tum
1152 1773 1246 1840 Θεόντ.

75 1859 107 1922 ἓν
117 1861 265 1924 Παιᾶσιν.
288 1859 361 1924 lude
382 1857 471 1924 facile
482 1856 548 1923 colli
574 1881 625 1923 ere
645 1879 811 1947 possumus,
830 1881 896 1924 cum
909 1857 1096 1948 Laespodias
1118 1861 1246 1925 maxime

75 1943 165 2031 Olym
185 1943 251 2008 iada
265 1939 339 2010 XCI
360 1951 390 2008 et
400 1943 488 2010 XCII
508 1880 586 2008 hedo
608 1943 789 2026 inclaruerit,
810 1965 906 2030 neque
928 1951 1017 2026 ante,
1039 1965 1134 2028 nequo
1155 1945 1255 2010 multo.

72 2037 142 2118 post
165 1967 244 2092 hanc
264 2027 443 2094 comoediam
465 2050 526 2092 com
548 2029 652 2092 ositam
673 2029 782 2110 luisse,
814 2029 846 2093 id
867 2029 942 2113 quod
965 2029 1053 2094 etiam
1073 2027 1246 2094 Meiuekius

73 2134 110 2178 eo
132 2113 209 2194 loeo,
230 2113 399 2198 quemdum,
421 2049 636 2178 animadvertit.
656 2113 718 2184 Vix
740 2113 817 2178 euim
839 2113 991 2200 probabile
1014 2121 1059 2178 est
1079 2111 1112 2178 in
1132 2109 1245 2196 sabula,

73 2219 150 2282 quae
172 2195 262 2262 multo
290 2205 357 2286 post
373 2199 462 2262 docta
492 2198 600 2279 luerit,
626 2195 850 2298 Theopompum
872 2199 1008 2286 attigisse
1029 2197 1246 2286 Laespodiam:

8 2345 9 2352 ,
72 2282 100 2346 is
123 2279 202 2346 euim
233 2304 296 2348 cum
318 2290 449 2348 stareta
475 2283 608 2370 partibus
628 2281 926 2382 quadringentorum,
960 2284 1101 2366 (fortasse
1128 2283 1248 2372 ipsein

72 2368 178 2431 horum
201 2388 353 2432 numerum
374 2367 431 2430 luit
450 2365 587 2448 relatus)
609 2388 717 2431 missus
739 2374 804 2432 erat
824 2365 941 2454 legatus
957 2389 1020 2431 cum
1033 2367 1136 2432 Aristo
1157 2369 1248 2436 houte

73 2458 104 2516 et
125 2450 254 2518 Melesia
268 2451 506 2532 Lacedaemona,
528 2451 580 2516 sed
601 2451 634 2516 in
655 2451 721 2540 ipso
741 2451 849 2518 itinere
871 2474 889 2516 a
909 2452 1039 2534 Paralis,
1061 2454 1110 2538 qui
1130 2390 1246 2542 llrgatos

72 2535 202 2600 maxime
224 2535 366 2616 odissent,
388 2537 524 2620 quoniam
545 2543 665 2636 praeter
685 2537 799 2600 ceterd's
821 2555 858 2625 po
879 2537 957 2600 ulum
978 2537 1102 2602 liberum
1125 2560 1143 2602 ο
1183 2561 1247 2603 res-

73 2621 202 2702 sissent,
223 2625 374 2708 correptus
389 2629 426 2704 et
446 2619 573 2706 Argivis
595 2619 720 2684 traditus
742 2627 803 2702 est,
826 2558 886 2686 vid.
898 2619 1068 2706 Thucydid.
1089 2619 1132 2690 vl
1166 2623 1246 2688 .86:

68 2704 232 2792 Ἀφίκοντο
254 2703 288 2768 δὲ
315 2703 344 2766 ol
362 2704 487 2787 Ἀργνῖοι
513 2701 591 2783 μετὰ
610 2707 673 2766 τῶν
693 2701 868 2788 Παράλων,
913 2703 948 2768 οἳ
968 2701 1036 2768 τότε
1068 2703 1247 2794 ἐτάχθησαν

75 2791 108 2854 ἓν
128 2795 167 2875 τῇ
189 2783 384 2871 οτρατιολττδτ
405 2791 461 2871 νηῒ
475 2783 536 2851 int
558 2791 620 2852 τῶν
639 2791 843 2874 τετρακοσίων
863 2791 1016 2875 περταλεῖν
1037 2788 1174 2873 Εὔβοιαν
1195 2795 1247 2856 καλ

73 2872 198 2960 ἄγοντες
213 2873 387 2955 Ἀθηναίων
407 2875 449 2950 τίς
464 2873 689 2954 Λακεδαίμονα
711 2872 771 2938 ἀπὸ
792 2879 854 2940 τῶν
874 2875 1076 2958 τετρακοσίων
1091 2878 1248 2957 πεμπτούς

72 2960 229 3044 πρέσβεις,
250 2959 453 3023 Λατοντοδίον
478 2959 530 3022 καλ
549 2956 782 3045 Ἀριστοφῶντα
807 2961 858 3024 καί
879 2961 1058 3042 Μελησίαν,
1087 2961 1122 3025 οἱ*
1144 2961 1247 3045 ἐπειδὴ

73 3045 210 3130 ἐγίνοντο
232 3044 371 3119 πλέοντες
392 3041 462 3108 κατ’
480 3041 605 3128 Ἄργος,
626 3045 699 3120 τοὺς
719 3044 775 3124 μὲν
794 3043 937 3130 septuplam
957 3043 1161 3128 συλλαβόντες
1182 3057 1247 3124 τοῖς

70 3129 229 3215 Ἀργείοις
249 3128 435 3212 παρέδοσαν,
459 3123 501 3204 ὡς
522 3135 584 3194 τῶν
605 3127 662 3211 οὐχ
682 3127 790 3211 ἥκιστα
811 3125 1049 3196 καταλυσάντων
1069 3129 1124 3196 τᾶν
1144 3134 1245 3214 δῆμον

72 3213 176 3290 ὄντας.
203 3213 315 3280 Postea
335 3235 408 3278 vero
430 3211 721 3302 Quadringentorum
741 3214 889 3278 dominatu
912 3216 1024 3282 deiecto
1045 3216 1246 3305 Laespodiam

71 3301 104 3368 in
125 3299 250 3388 ροίτίττο
270 3299 437 3364 restitutum
458 3319 537 3382 esse,
557 3319 659 3387 parum
681 3299 842 3364 verisimile
864 3307 920 3382 est,
942 3322 1005 3366 cum
1026 3302 1059 3366 iu
1080 3302 1247 3391 plerosque,

70 3385 222 3474 principes
242 3385 426 3472 praesertim,
448 3384 552 3449 horum
573 3387 703 3448 virorum
724 3385 796 3448 satis
813 3388 922 3449 acriter
933 3385 1135 3454 Athenienses
1156 3388 1244 3454 liher-

72 3478 134 3534 tate
154 3477 274 3558 recepta
294 3470 572 3537 animadverterent.
614 3467 674 3534 Sed
697 3469 787 3534 misso
807 3469 891 3534 Laes
912 3469 991 3551 odia,
1011 3473 1099 3537 etiam
1120 3493 1160 3538 ex
1180 3473 1246 3560 ipso

71 3491 1246 3729 emonumemtum,restituamusa

71 3733 105 3789 ut
130 3725 325 3812 spectantium
352 3725 465 3789 animos
498 3730 609 3789 tautum
637 3724 795 3789 delectaret
826 3723 915 3788 hilari
947 3726 1044 3811 aliqua
1072 3732 1102 3790 et
1131 3725 1245 3790 ludicra

71 3811 111 3874 im
157 3811 221 3891 ine,
255 3810 332 3874 hauc
358 3808 487 3874 fabulam
515 3809 714 3896 composuisse
746 3809 912 3874 censendus
940 3817 1001 3892 est,
1036 3831 1138 3874 verum
1165 3807 1245 3876 aliud

72 3831 156 3980 κριτῇ
174 3895 329 3962 consilinm
347 3894 482 3960 subtilius
494 3900 527 3958 et
548 3893 653 3975 mains,
675 3893 751 3978 quod
764 3894 818 3958 sub
831 3894 888 3959 ista
909 3915 1012 3960 senum
1033 3915 1245 3984 repuerascen-

72 3981 147 4044 tlum
167 3979 298 4067 imagine
340 3981 403 4046 uasi
430 3981 485 4044 sub
507 3978 658 4043 involucro
680 3977 804 4064 quodam
826 3979 1025 4050 absconditum
1047 3979 1244 4064 delitesceret,

74 4071 194 4129 secutus
222 4074 277 4129 est.
318 4002 437 4130 literius
465 4065 585 4130 mutartio
611 4063 664 4128 illa
689 4081 793 4133 senum
826 4071 920 4130 aetate
946 4065 1004 4128 lam
1030 4072 1244 4155 provectorum,

75 4150 127 4235 qui
146 4151 243 4214 subito
259 4150 399 4238 pristinas
413 4151 492 4214 vires
512 4149 688 4238 reciperent,
704 4147 784 4212 nihil
801 4147 881 4214 aliud
900 4149 958 4214 fuit
971 4149 1031 4214 uisi
1052 4151 1152 4240 imago
1173 4153 1246 4217 civi-

73 4235 146 4300 tatis
167 4243 284 4337 torpore
306 4235 429 4319 quodam
451 4242 480 4300 et
501 4235 558 4298 situ
580 4234 663 4318 quasi
684 4234 841 4316 obductae,
862 4233 995 4298 rodiam
1016 4235 1112 4300 denuo
1133 4234 1245 4302 exeita·

75 4326 125 4384 tae
160 4327 190 4384 et
214 4343 245 4384 ru
272 4319 377 4383 melius
408 4321 569 4384 restitutus
612 4317 680 4382 llos
707 4329 803 4383 summ
832 4319 1029 4406 spectaculum
1060 4323 1121 4384 noh
1153 4321 1244 4387 semel

76 4405 214 4490 antiquae
234 4404 403 4470 comoediae
423 4411 557 4470 rumores
577 4411 807 4492 proposuerunt,
833 4404 875 4468 nti
896 4403 1120 4492 Aristophanes
1134 4406 1167 4470 in
1188 4405 1245 4472 Se·
