3018 5064
617 405 1022 482 COMMENTATIONES

436 899 460 950 0
652 798 983 870 CAPUTIV.

316 1058 354 1126 Iu
382 1078 535 1123 nnmerum
558 1053 676 1122 Cratini
702 1053 870 1120 fabularum
891 1075 957 1118 cum
984 1052 1062 1120 aliae
1087 1053 1201 1119 suerint
1226 1053 1336 1118 iniuria
1363 1076 1412 1118 re·

232 1145 329 1226 latae,
363 1143 440 1208 aliae
470 1149 581 1208 temere
608 1147 678 1205 sunt
703 1147 850 1221 remotae,
878 1139 955 1224 quod
977 1139 1083 1204 accidit
1102 1141 1137 1203 in
1157 1143 1412 1204 Eumeaidibm.

231 1225 347 1296 Iniuria
368 1229 447 1294 enim
463 1227 598 1292 homines
620 1223 708 1306 docti,
730 1224 931 1288 utFabricins
943 1224 976 1288 in
987 1222 1201 1306 BiblGraeca,
1213 1223 1367 1288 Meursius
1378 1225 1412 1289 in

232 1315 313 1382 Bibl.
333 1313 425 1380 Attic.
445 1333 475 1402 p.
498 1311 593 1394 1467,
613 1309 784 1376 Runkelius
805 1331 834 1398 p.
846 1311 897 1372 22.
909 1309 987 1372 hanc
1007 1308 1137 1372 fabulam
1158 1309 1192 1372 in
1213 1310 1411 1398 suspicionem
1502 1343 1503 1370 r

232 1405 413 1466 vocaverant
435 1405 464 1467 et
485 1397 655 1496 fragmenta
676 1395 774 1460 omnia
800 1394 838 1459 ad
859 1393 995 1458 Eonidas
1016 1393 1176 1459 referenda
1197 1415 1265 1458 esse
1287 1416 1410 1460 censue·
1502 1407 1503 1502 ,

134 1515 139 1520 ·
229 1493 311 1549 runt.
352 1480 678 1566 EtRunkelirqaidem
692 1485 909 1566 argumentum,
949 1478 980 1542 ui
1001 1478 1152 1542 existimat
1162 1499 1223 1542 non
1235 1479 1330 1544 fuisse
1345 1487 1409 1543 tan·

232 1575 292 1634 tam
312 1567 488 1633 comicorum
509 1573 662 1656 poetarum
687 1564 850 1646 licentiam,
883 1571 917 1627 nt
951 1562 1119 1628 uumenidas
1140 1563 1173 1626 in
1192 1585 1283 1628 scena
1303 1565 1410 1652 exagi-
1502 1567 1503 1648 ξ

231 1661 297 1718 tare
324 1654 390 1717 ausi
416 1653 492 1732 sint,
535 1651 591 1714 hoc
611 1650 643 1714 in
663 1671 730 1713 nam
752 1655 957 1738 argumentum
980 1670 998 1712 a
1019 1648 1144 1712 veritate
1164 1647 1341 1736 longissime
1361 1672 1409 1714 re-

232 1737 323 1804 cedit:
365 1737 518 1826 ignoravit
538 1735 617 1802 enim
638 1671 690 1800 ille
711 1742 741 1798 et
761 1735 926 1798 institutum
948 1733 1058 1798 veteris
1080 1731 1249 1798 comoediae
1272 1741 1302 1798 et
1321 1734 1409 1822 inge·

171 1869 174 1876 .
231 1823 314 1888 nium
334 1819 461 1888 Cratini.
502 1821 660 1906 Nunquam
682 1819 760 1882 enim
782 1817 939 1902 Cratinus,
973 1818 1059 1883 homo
1082 1825 1201 1882 sanctus
1228 1826 1259 1882 et
1307 1820 1409 1902 robus,

232 1907 448 1984 sanctissimum
459 1904 655 1976 Eumenidum
676 1925 784 1970 numen
804 1904 918 1969 violare
940 1925 1030 1968 ausus
1052 1911 1133 1968 esset
1153 1924 1247 1988 neque
1269 1841 1408 1970 idAthe-

114 2016 120 2023 ·
231 1995 354 2060 nienses
375 2012 468 2078 aequo
489 1991 587 2056 animo
608 1989 761 2070 tubssent,
795 1991 845 2074 qui
871 1995 980 2075 quanta
1000 1989 1149 2076 religione
1172 1989 1292 2054 ultrices
1314 1990 1407 2054 scele-

230 2099 297 2142 rum
324 2077 396 2141 deas
422 2075 567 2142 coluerint
592 2073 666 2138 satis
693 2095 837 2162 superque
868 2075 1020 2161 significat
1039 2071 1230 2160 Aeschylus,
1257 2075 1409 2162 significat

101 2231 105 2238 ,
230 2159 406 2262 Sophocles.
448 2157 508 2224 Sed
537 2159 639 2245 quidni
665 2158 782 2226 licuerit
800 2157 983 2225 Eumenidas
1003 2160 1036 2222 in
1057 2179 1176 2224 scenam
1197 2159 1337 2224 inducere
1360 2182 1408 2224 co·

230 2265 306 2312 mico
347 2249 450 2310 oetael
495 2242 638 2334 Suspicor
658 2245 737 2308 enim
758 2245 835 2308 hanc
855 2244 986 2310 fabulam
994 2265 1055 2308 non
1066 2245 1109 2308 ita
1120 2243 1211 2308 multo
1225 2252 1293 2332 post
1304 2245 1406 2332 Olym·

230 2331 310 2422 piad.
327 2267 459 2396 lxxa.
482 2330 512 2393 1.
540 2330 654 2394 doctam
681 2350 765 2410 esse,
801 2349 856 2413 quo
888 2350 967 2394 anno
992 2328 1148 2416 Ephialtes
1176 2327 1332 2418 Areopagi
1354 2352 1406 2394 au-

231 2417 395 2484 ctoritatem
405 2415 552 2501 fregerat,
574 2413 633 2478 vid.
646 2413 772 2477 Diodor.
786 2412 847 2478 Sic.
858 2413 912 2480 Xl.
933 2416 992 2478 77:
1029 2411 1111 2494 Ἅμα
1122 2412 1156 2476 δὲ
1165 2409 1285 2490 τούτοις
1306 2440 1405 2500 πρατ-

229 2499 369 2584 τομένοις
395 2501 428 2564 ἐν
453 2498 510 2578 μὲν
536 2506 604 2575 ταῖς
624 2493 772 2581 Ἀθήναις
793 2493 961 2608 Ἐριύλτης
981 2494 998 2562 ὃ
1020 2499 1195 2580 Σιμωνίδου
1222 2499 1406 2584 δημαγωγὸς

143 2619 147 2629 ·
230 2583 347 2652 ὤνκαὶ
367 2583 403 2650 τὸ
425 2588 548 2667 πλῆθος
568 2579 744 2668 παροξύνας
768 2607 848 2647 κατα
875 2589 937 2648 τῶν
959 2583 1198 2669 Ἀρεοπαγιτῶν,
1233 2582 1330 2650 ἔίιεισε
1352 2585 1406 2650 τὸν

230 2673 331 2755 δῆμον
350 2669 534 2756 ψηφίσμασι
554 2674 683 2750 μειῶσαι
693 2667 750 2750 τὴν
762 2669 794 2744 ἐξ
812 2669 928 2754 Ἀρείου
940 2663 1038 2754 πάγου
1048 2668 1165 2751 βουλὴν
1175 2671 1226 2734 καὶ
1239 2669 1279 2734 τὰ
1289 2667 1406 2754 πάτρια

231 2758 284 2822 aad
298 2751 467 2842 περιβόητα
481 2751 596 2836 νόμιμα
610 2759 794 2820 καταλῦσαι.
829 2753 911 2828 Quae
923 2775 973 2819 res
984 2773 1046 2818 non
1058 2755 1152 2820 solum
1164 2777 1264 2820 rerum
1273 2755 1405 2844 publica·

229 2861 296 2916 rum
311 2847 419 2908 satum
440 2841 598 2930 pervertit,
620 2861 721 2904 verum
743 2839 1056 2928 etiamreligionemet
1075 2839 1406 2928 pietatemlabeinlecit

230 2928 426 3018 grauismma3
457 2925 489 2990 id
503 2925 593 3012 ‚qnod
611 2923 803 3012 AeschyluS,
840 2926 888 2990 vir
902 2926 974 3076 pius
995 2931 1027 2990 et
1046 2926 1251 3012 magnanimus
1273 2926 1334 2991 fert
1354 2950 1404 2992 ae-

230 3013 370 3100 gerrime.
413 3008 476 3076 Sed
503 3011 540 3076 de
566 3009 624 3074 hac
649 3031 683 3074 re
708 3011 872 3075 accuratius
922 3011 1015 3074 ‘cetur
1040 3031 1095 3074 suo
1122 3009 1196 3074 loco.
1245 3011 1310 3076 lam
1329 3034 1403 3078 vero

230 3097 319 3170 etiam
336 3093 510 3176 Cratinum,
549 3094 599 3180 qui
616 3094 780 3242 perniciem
805 3094 1014 3182 gravissimam
1038 3095 1129 3160 rebus
1150 3095 1286 3160 humanis
1308 3104 1338 3161 et
1358 3097 1403 3162 di·

228 3181 309 3249 vinis
328 3180 530 3248 imminentem
572 3178 690 3257 ss'anti
710 3181 808 3244 animo
830 3186 1042 3267 auguraretur,
1074 3182 1153 3246 omni
1174 3182 1333 3246 formidine
1352 3205 1403 3248 re·

210 3272 310 3332 amota
334 3263 502 3354 Ephialtem
530 3199 735 3328 efflenclem
765 3270 899 3330 auctores
925 3265 1012 3330 buius
1040 3266 1133 3354 pestis
1161 3267 1295 3354 graviter
1320 3268 1402 3333 inse-

229 3357 338 3416 ctatum
357 3370 441 3432 esse,
470 3348 536 3412 veri
566 3343 744 3414 simillimum
766 3356 820 3414 est.
861 3349 935 3420 Eoit
953 3351 1047 3440 igitur
1068 3348 1185 3417 Cratini
1205 3350 1401 3419 Eumenidum

228 3435 308 3502 idem
335 3433 499 3500 institutum
533 3439 620 3520 atque
647 3435 831 3521 cognominis
857 3435 977 3504 fabulae
997 3434 1201 3522 Aeschyleae,
1228 3458 1401 3586 puamquam

228 3539 332 3610 param
354 3519 442 3585 etiam
463 3539 541 3583 nunc
560 3525 746 3608 perspectum
767 3529 829 3604 est,
866 3521 935 3607 quid
956 3521 1074 3586 taudem
1096 3523 1206 3586 eximia
1225 3522 1278 3586 ila
1299 3523 1401 3587 sabula

228 3607 362 3694 tragicus
389 3599 540 3693 petiverit:
559 3607 699 3670 ‘comicus
720 3614 807 3694 poeta
827 3627 888 3672 non
909 3607 1022 3672 minore
1044 3606 1191 3694 gravimte
1212 3607 1329 3674 videtur
1348 3631 1400 3672 ve·
1502 3659 1503 3684 ,

228 3697 324 3756 terum
350 3690 501 3778 sapienter
529 3689 664 3754 instituta
684 3712 703 3754 a
723 3692 853 3756 novandi
880 3691 1003 3756 libidine
1029 3691 1200 3757 defendisse
1221 3690 1302 3758 etid
1323 3693 1400 3778 quod
1502 3705 1503 3762 ἲ

228 3776 293 3866 ipse
306 3781 466 3926 dciesnaeret,
491 3773 687 3840 Eumenidum
708 3797 781 3839 usus
803 3777 903 3858 choro,
924 3777 1021 3865 palam
1042 3777 1196 3877 professus
1218 3799 1295 3843 esse.
1337 3779 1400 3844 Ne·

249 3885 285 3927 ue

228 3883 283 4013 des
304 3947 337 4010 in
353 3883 513 4032 Equitibus
534 3965 563 4016 v,
583 3945 656 4024 527.
678 3952 779 4032 aperte
808 3946 879 4010 dicit
899 3948 1028 4011 carmina
1049 3947 1135 4012 huius
1157 3949 1325 4013 comoediae
1346 3971 1403 4014 ex-

226 4033 298 4096 imio
318 4032 422 4096 lavore
443 4051 510 4096 esse
532 4049 605 4104 exce
624 4037 655 4095 ta
680 4031 787 4116 diuqrre
807 4031 966 4096 floruisses
992 4053 1031 4096 ex
1053 4054 1109 4118 quo
1131 4033 1194 4098 loco
1215 4033 1288 4098 illud
1310 4034 1402 4099 etiam

227 4115 419 4208 probabiliter
445 4115 585 4182 coniicias
604 4052 689 4178 lianc
715 4116 845 4181 fabulam
876 4117 914 4182 ad
941 4118 1120 4202 antiquiores
1167 4124 1251 4182 oetae
1280 4118 1401 4183 fabulas

226 4201 414 4269 referendam
442 4223 522 4269 esse:
559 4199 676 4264 videtur
700 4201 793 4288 igitur
815 4221 893 4266 sane
919 4201 1093 4291 Olympiade
1114 4202 1145 4266 L
1192 4203 1203 4221 ⁷
1235 4209 1402 4271 ,σχίσασα

154 4327 156 4334 ·
227 4287 277 4355 vel
297 4285 446 4353 Lxxxa
461 4287 582 4350 ineunte
604 4285 672 4350 data
693 4307 770 4351 esse.
813 4287 897 4354 Dicit
917 4297 1014 4354 autem
1035 4285 1268 4377 Aristophanes:

310 4401 388 4471 Εἶτα
410 4403 566 4488 Κρατίνου
586 4403 791 4486 μεμυημένος,
813 4401 847 4482 ὃς
867 4407 973 4492 πολλῷ
993 4401 1104 4493 ῥεύσας
1125 4405 1193 4472 ποτ’
1219 4407 1332 4494 ἐπαίνῳ

246 4563 250 4572 ,
312 4487 375 4555 Ara
397 4495 458 4554 τῶν
478 4487 601 4576 ἀφελῶν
622 4491 732 4554 πεδίων
752 4487 831 4578 ἔρρει
852 4493 903 4554 καὶ
925 4496 979 4575 τῆς
999 4487 1134 4570 στύσαος
1155 4489 1352 4580 παρασύρων,

372 3859 456 3925 licuit
472 3865 578 3946 poetae
599 3859 754 3925 consiliam
774 3859 1024 3942 Atheniensibus,
1057 3861 1200 3947 siquidem
1221 3862 1401 3952 Aristopha-
1502 3871 1503 3928 l
