3000 5048
310 287 368 354 DE
389 284 531 363 RELIQ.
553 283 740 359 COMOED.
764 285 869 354 ATT.
894 285 1036 362 ANTIQ.
1188 283 1253 354 425

90 446 309 541 ἐπιχειροῦσιν,
333 454 377 521 ἐτι
403 453 458 536 τὴν
484 449 726 541 ἀνδραποδώδη,
756 463 843 541 polio
870 453 910 518 άν
932 455 965 518 αλ
985 461 1134 538 γυναῖκες,
1163 454 1253 540 τρίχα

90 541 206 623 ἔχοντες
233 541 264 605 ἐν
285 546 321 626 τῇ
349 546 449 624 ψυχῇ,
477 535 532 603 ὕπ’
557 541 708 621 ἀμουσίας
735 543 783 602 καί
814 537 899 603 οόπω
926 537 1182 621 ἀποβεβληκότες,
1210 539 1253 603 ἐτι

87 626 335 710 βαρβαρίζοντες,
356 621 524 706 ἐληλύθασι
546 622 757 700 κολακεύοντες
777 623 832 706 τὴν
853 622 948 702 πόλιν,
972 626 1040 688 ἀλλ’
1063 623 1119 688 οὐκ
1141 622 1254 704 δι’ρξαν-

88 735 145 785 τες.
183 731 223 774 ex
249 731 304 795 quo
333 710 397 774 loco
427 709 515 774 facile
540 709 751 796 intelligimus,
782 731 837 794 quo
863 711 984 796 ingenio
1012 710 1102 773 suerit
1126 705 1252 789 Midias3

88 795 223 882 respexit
242 793 377 858 Platonis
405 793 495 858 locum
520 792 690 858 Athenaeus
717 794 769 857 Xl.
791 815 820 882 p.
841 795 905 860 506
927 793 972 874 Ι),
1004 795 1052 877 qui
1078 815 1137 856 non
1165 792 1254 876 ὀρτυ-

88 876 255 963 γοτρόφον,
278 880 330 943 sed
354 875 558 960 ὀρτυγοκόπον
578 879 610 942 in
631 878 758 942 Platone
780 879 892 966 legisse
912 879 1044 942 videtur:
1067 885 1098 941 et
1116 879 1172 942 hoc
1192 881 1255 964 qni·

90 963 154 1028 dem
177 963 295 1028 nomine
316 964 487 1066 saepissime
508 971 624 1026 notatus
647 969 693 1026 est
718 965 774 1028 iste
795 964 882 1028 homo
903 985 922 1028 a
942 963 1061 1028 comicis
1081 963 1192 1051 poetis,
1224 969 1256 1027 ut

90 1048 126 1112 ab
147 1047 399 1136 Aristophanem
421 1047 534 1112 Avibus
555 1069 582 1111 v.
600 1049 700 1111 1297:

518 1133 651 1204 Μειδίας
673 1130 703 1194 δ’
728 1131 791 1194 ἐκεῖ

166 1212 281 1299 Ὄρτυξ
302 1216 450 1280 ἐκαλεῖτο·
479 1219 529 1280 καὶ
555 1218 613 1300 γὰρ
636 1207 705 1301 ᾗκεν
726 1211 828 1300 όρτυγι

170 1295 248 1364 Ὑπὸ
268 1299 466 1386 στυφοκόπου
488 1301 543 1383 τὴν
569 1300 704 1384 κεφαλὴν
725 1299 932 1386 πεπληγμένῳ.

89 1385 140 1448 ubi
162 1383 329 1450 Scholiasta
355 1387 428 1450 haec
455 1387 585 1471 quamvis
614 1386 686 1454 satis
712 1387 882 1474 perturbata
909 1385 1073 1450 adnotavit:
1117 1384 1257 1462 Δίδυμος

91 1467 205 1546 οὕτως·
239 1467 255 1534 ὃ
277 1469 308 1534 δ’
331 1467 511 1550 Ἀμμώνιος
533 1469 623 1556 ᾠήθη
645 1474 677 1544 ἐξ
699 1471 841 1534 ἐπιθέτου
863 1472 1000 1534 Μειδίαν
1021 1468 1133 1553 όρτυγιι
1154 1474 1255 1532 καλεῖ-

90 1561 168 1618 σθαι
190 1556 311 1639 γελοίως
332 1555 383 1618 διδ
405 1555 439 1619 τό
462 1553 609 1634 κυβευτὴν
631 1551 704 1616 εἶναι
726 1558 776 1616 καὶ
799 1557 831 1620 ἐν
852 1562 939 1640 πυρῷ
961 1551 1035 1628 τοδς
1055 1552 1185 1636 όρτνγος
1205 1552 1257 1618 κό-

90 1663 190 1721 πτειν,
218 1637 315 1715 οὕτως
342 1639 434 1705 αὐτόν
461 1647 516 1702 νῦν
532 1634 765 1723 Ἀριστοφάνης
794 1648 950 1720 προσεῖπε·
993 1641 1086 1721 δηλοΐ
1108 1640 1142 1702 δέ
1165 1643 1258 1704 τοῦτο

903 1733 916 1748 ”
937 1742 946 1760 ο

87 1721 323 1810 Ἀριστοφάνης
342 1727 510 1808 Περιαγγεῖ
528 1719 676 1804 (Πλάτων
697 1725 729 1786 ἐν
749 1725 927 1808 Περιαλγει)
1037 1747 1040 1754 “

175 1809 323 1893 Χρηστόν
343 1808 386 1890 μὴ
408 1807 486 1871 κατὰ
509 1811 643 1874 Μειδίαν
664 1807 880 1890 ὀρτυγοκόπον.

92 1893 208 1974 (eodem
221 1894 306 1958 modo
318 1893 395 1957 hunc
407 1915 523 1956 versum
537 1893 606 1957 citat
618 1891 784 1959 Scholiasta
794 1892 923 1956 Luciani
935 1893 996 1956 lov'.
1004 1891 1159 1979 Tragoetl:
1171 1895 1195 1958 c.
1205 1891 1258 1970 48,

92 1978 277 2042 scribendum
300 1987 394 2042 autem
408 1977 534 2058 videtur,
552 1974 721 2060 χρηστόν
740 1999 793 2060 γε,
814 1977 857 2059 μὴ
879 1975 957 2040 κατδι
969 1979 1019 2040 Μ.
1031 1977 1079 2062 όρι
1100 1978 1259 2042 Aeuom

88 2066 228 2142 probum
260 2085 367 2145 τετφαο
398 2067 530 2124 Midiae
559 2064 724 2145 similem).
766 2062 862 2144 Λέγει
894 2063 929 2124 δὲ
959 2063 1209 2146 ἐν.·Ποαττριόιις
1242 2059 1261 2126 ὅ

92 2145 186 2221 αὐτὸς
209 2147 340 2232 (corrige
362 2142 378 2208 ὁ
403 2142 568 2230 Φρύνιχος)
598 2143 641 2221 ὡς
667 2148 718 2210 καὶ
747 2150 813 2230 περὶ
836 2146 1000 2226 άλίκτορας
1029 2144 1126 2210 αότοδ
1148 2149 1261 2210 ἐσπου-

88 2229 232 2306 δακότος.
275 2226 484 2308 Διαβάλλεται
512 2231 546 2296 δέ
567 2229 607 2306 είς
634 2255 665 2294 τε
687 2232 849 2392 aesopi?
879 2227 922 2306 ὡς
941 2227 1076 2295 Πλάτων
1097 2233 1129 2294 ἐν
1149 2233 1264 2306 Nineue

92 2351 134 2363 —
157 2311 288 2396 κόβαλός
304 2337 340 2378 τε
361 2313 435 2378 εἶναι
457 2315 572 2400 ἐλέγετο
594 2317 645 2378 καὶ
668 2321 813 2396 πτωχαλα
831 2312 881 2392 τόν,
905 2312 946 2392 ὡς
964 2312 1116 2402 Φρόνιχος
1136 2315 1259 2380 ένἙπι-

91 2396 181 2484 άλτη.
210 2399 322 2469 Verum
344 2400 411 2464 nolo
433 2402 506 2464 haec
527 2401 690 2464 accuratius
712 2411 902 2488 pertractare.

101 2531 105 2538 ’
178 2521 395 2613 Νὲοομίιοιιτλε
422 2556 461 2598 ex
488 2531 643 2598 Sireuihus
670 2555 787 2598 versum
839 2534 932 2598 rosert
959 2533 1131 2600 Athenaeus
1158 2533 1211 2600 lx.
1232 2557 1261 2622 p.

94 2617 158 2698 358
171 2617 209 2698 Β,
230 2629 262 2682 ut
284 2619 386 2682 doceat
407 2619 526 2682 verbum
539 2619 714 2702 παροψίδος
736 2639 796 2681 non
818 2556 855 2682 he
877 2639 948 2682 vase
970 2619 1074 2694 solum,
1099 2620 1151 2684 sed
1174 2621 1266 2684 etiam

95 2701 226 2767 devcihis
249 2703 403 2788 exquisitis
424 2708 453 2766 et
473 2699 606 2766 delicatis
629 2701 703 2765 dici:
725 2707 874 2786 Νικοφῶν
895 2705 1050 2786 Σειρῆσινε

172 2785 280 2862 Ἄλλος
299 2786 450 2868 μαχέσθω
471 2789 538 2867 περὶ
561 2789 651 2870 ἕδρας
673 2787 836 2868 παροψίδι.

95 2868 159 2943 Quo
181 2873 213 2936 in
234 2893 322 2938 versa
344 2873 371 2936 si
391 2873 540 2958 integrum
563 2880 642 2936 esset
660 2891 823 2958 pronomen
837 2867 939 2949 άλλος,
962 2892 1022 2934 non
1042 2891 1147 2960 posses
1158 2867 1262 2952 diiudi-

96 2975 175 3038 care,
197 2977 252 3042 quo
265 2977 354 3020 sensu
368 2957 441 3022 illud
461 2957 633 3020 vocabulum
649 2962 735 3042 poeta
756 2957 973 3044 usurpavisset3
996 2957 1075 3040 atqui
1097 2968 1194 3019 cetera
1210 2977 1263 3020 ex-

96 3059 140 3104 em
162 3041 202 3122 la,
224 3042 327 3126 quihus
339 3041 513 3107 Athenaeus
530 3040 567 3106 ad
581 3041 659 3106 hanc
673 3039 753 3104 illius
770 3037 904 3104 vocabuli
925 3041 1073 3106 notionem
1083 3041 1263 3127 probandam

96 3063 204 3206 utilhr,
225 3127 300 3194 ,satis
322 3134 404 3192 certa
424 3133 493 3190 sunt
513 3134 542 3189 et
563 3125 727 3214 perspicua.
753 3123 865 3192 Verum
886 3123 1041 3217 Nicophon
1062 3125 1235 3216 scripserat:

174 3225 307 3302 Ἀλλ’άς
326 3225 477 3308 μαχέσθω
498 3227 565 3310 περί
588 3228 679 3310 ἕδρας
696 3227 858 3310 παροψίδι.
1260 3215 1269 3226 “

99 3322 217 3392 Censeo
239 3336 333 3392 autem
354 3327 433 3410 hunc
454 3347 572 3392 versum
594 3327 828 3413 subiungendum
850 3347 917 3392 esse
939 3335 1062 3412 quatuor
1083 3326 1170 3409 aliis,
1193 3349 1271 3412 quos

99 3429 137 3474 ex
164 3411 265 3476 eadem
293 3412 349 3474 hac
374 3409 477 3476 lahula
505 3411 661 3499 adscripsit
687 3412 860 3476 Athenaeus
880 3410 932 3480 vl.
954 3433 982 3500 p.
1004 3413 1068 3476 269
1088 3409 1132 3493 E,
1161 3413 1266 3498 quihus

97 3501 184 3580 poeta
211 3495 307 3584 lepide
329 3495 416 3560 fiuxit
443 3503 566 3560 aetatem
588 3517 726 3576 auream,
753 3495 846 3580 qualis
868 3497 992 3584 pristino
1014 3497 1105 3562 luerit
1125 3504 1267 3586 tempore,

97 3579 258 3646 redituram
280 3601 360 3644 esso:
388 3580 593 3644 Καταπαάσω
613 3579 666 3644 τὸν
686 3577 792 3662 λόγον,
819 3582 924 3664 μακρὰ
949 3585 1065 3668 χαίρειν
1084 3580 1177 3648 είπολν
1198 3591 1267 3658 ταῖς

98 3665 300 3751 Νικοφῶντος
320 3665 477 3750 Σειρῆσιν,
504 3665 536 3728 ἐν
557 3660 606 3740 αἶς
626 3661 696 3728 τόδε
721 3665 905 3749 γέγραπται·

502 3749 630 3835 Νιφέτω
650 3751 706 3830 μὲν
727 3749 875 3834 ἀλφίτοις,

188 3832 354 3912 Ψακαζέτω
376 3831 407 3896 δ”
426 3829 576 3916 άρτοισιν,
597 3831 676 3898 ὑέτω
698 3833 727 3896 δ’
752 3833 837 3912 ἐτνει,

132 3973 134 3982 ,
183 3916 294 3998 Ζωμδς
309 3917 367 3990 διὰ
395 3924 456 3982 τῶν
478 3915 558 3981 ὁδῶν
579 3919 752 3984 κυλινδείτω
773 3920 857 4006 κρέα,

184 4003 331 4079 Πλακοῦς
352 4001 461 4068 ἑαυτὸν
474 4003 587 4067 ἐσθίειν
607 4002 758 4081 κελευέτω,

180 4083 288 4162 Ἀλλάς
307 4087 457 4170 μαχίσθω
477 4087 657 4174 περλέδρας
678 4089 840 4172 παροψίδι.

103 4169 251 4324 pppplspppc
269 4173 445 4320 tfflffiffic
466 4183 612 4320 europpant
633 4179 670 4320 ett
683 4179 873 4280 exaggerant
892 4171 1020 4239 omnium
1046 4175 1267 4324 τοτοωιῐολιοοᾶ

103 4336 218 4404 restitui
243 4278 362 4416 άλλελςε
405 4279 867 4410 ολάωίοτοίλλλλαάῃὶλωοίλλδλλιᾞ
891 4278 1266 4434 λόδλδτλλίδοδάδάόληδδόο
