3018 5064
322 313 384 386 DE
403 312 549 395 numo.
567 311 760 387 cometen.
779 313 888 387 A'l'l'.
907 317 1054 398 AN'l'Ill·
1232 321 1279 395 69

90 481 192 556 fuisse
216 480 400 576 Hagnonom
429 491 461 553 et
484 483 714 572 Phormionem,
745 483 827 552 viros
854 484 1055 558 nobilissimos
1080 489 1280 560 fortissimor-

89 590 166 722 ἵζε
209 589 280 636 nam
306 569 397 656 classi
425 579 586 662 praeerant
604 571 664 662 ipsi
692 577 864 663 praetores,
895 593 957 638 non
983 575 1146 643 triremium
1174 577 1277 647 dcccco

186 654 216 721 si
240 654 437 744 Thucydides
465 656 575 724 fuisset
599 656 718 744 collega
737 655 781 722 So
801 656 911 740 hoelis,
949 665 1030 725 corte
1056 660 1134 728 alter
1153 682 1195 729 ex
1214 663 1276 749 hio,

90 746 146 807 aut
175 737 290 830 Hagno
317 747 369 807 aut
393 739 538 808 Phormio
568 740 722 808 debuisset
740 677 853 808 reiltun
873 763 942 807 esse
969 744 1007 808 ab
1033 743 1224 814 Androtione
1241 749 1276 818 iu

89 824 263 914 catalogum
291 825 412 893 ducum:
455 833 521 893 octo
552 827 632 894 enim
658 829 780 892 nomina
799 827 843 892 ibi
863 826 1022 916 leguntur,
1056 837 1091 896 ut
1110 833 1205 898 trihus
1226 833 1275 902 hir

89 911 195 978 nullus
217 911 258 976 sit
277 911 360 977 locus
382 932 552 982 concessus.
594 910 636 980 Et
655 917 726 1001 puto
747 912 836 978 etiam
851 912 1059 1064 Tlppolemum
1079 923 1111 981 et
1124 915 1276 989 Anticlem

1 1025 2 1031 ¹
110 1001 249 1061 ractores
270 996 386 1064 fuisset
413 1017 482 1065 nam
503 995 581 1086 quod
601 996 798 1084 Thucydides
819 997 875 1063 hos
922 999 1060 1088 istinguit
1079 1002 1116 1065 ab
1137 1002 1211 1086 illis,
1231 1003 1277 1070 vi.

88 1014 181 1150 detur
200 1081 276 1145 haec
295 1081 392 1148 luisse
414 1103 520 1165 causa,
541 1080 619 1169 quod
640 1081 712 1148 Thu
752 1081 855 1166 dides,
881 1082 1006 1172 Hagno,
1026 1084 1169 1154 Phormio
1189 1108 1277 1178 prae-

89 1171 182 1234 erant
201 1165 329 1231 navibus
350 1167 452 1256 longis
474 1167 688 1256 quadraginta,
749 1167 912 1270 lepolemus
939 1176 970 1234 et
989 1167 1128 1236 Anticles
1149 1174 1276 1244 namhoc

88 1250 260 1335 onerariis,
294 1252 400 1338 quihus
426 1251 582 1341 impositae
610 1259 698 1318 erant
723 1273 842 1342 copiae:
874 1275 945 1320 nam
969 1253 1026 1320 has
1046 1275 1160 1344 qnoque
1181 1279 1276 1328 navet

89 1335 212 1406 Atticas
238 1335 352 1420 fuisse,
389 1337 485 1426 iisque
512 1343 667 1428 praetores
694 1334 812 1404 Atticos
838 1339 1005 1428 praefectos
1040 1362 1109 1407 esse
1135 1343 1276 1413 coniicias

89 1421 181 1504 iude,
213 1421 293 1508 quod
313 1422 413 1488 statim
440 1421 588 1490 sociorum
609 1443 723 1508 quoque
752 1444 846 1488 naves
867 1430 1083 1508 memorantur3
1122 1448 1276 1518 comparet

89 1504 191 1572 locum
217 1528 279 1572 non
307 1505 481 1572 dissimilem
503 1507 581 1598 apud
600 1507 697 1657 ipsum
719 1507 928 1598 Thucydidem
949 1507 1004 1578 v1.
1025 1509 1083 1578 43:
1129 1511 1276 1600 Τριὴρεσι

1 1646 2 1649 ,
89 1591 150 1676 μὲν
169 1599 240 1668 ταῖς
260 1588 375 1668 πάσαις
395 1592 543 1679 τέσσαρσι
568 1616 608 1658 κα
642 1589 808 1678 τριάκοντα
829 1595 880 1658 καὶ
901 1590 1012 1660 ἑκατὸν
1031 1598 1083 1660 καὶ
1104 1598 1191 1662 dcciv
1205 1595 1277 1666 ‘Po-

90 1677 174 1742 δίοιν
194 1673 459 1765 πεντηκοντόροιν·
480 1673 599 1743 τούτων
615 1675 764 1743 Ἀττικοὶ
784 1678 841 1761 μέν
861 1669 1088 1764 domnimartini,
1110 1670 1154 1748 ὧν
1174 1684 1209 1750 αἴ
1220 1684 1278 1766 μὲν

90 1758 242 1845 ἑξήκοντα
262 1771 396 1844 razelae,
424 1761 457 1828 ai
477 1761 510 1828 d'
533 1761 628 1827 ciliae
647 1765 878 1850 στρατιωτίδες·
906 1761 943 1830 τὸ
970 1765 1006 1831 δὲ
1035 1761 1112 1832 ἄλλο
1132 1769 1277 1838 ναυτικὸν

90 1847 184 1915 Χίων
204 1848 256 1912 καὶ
277 1853 340 1912 τῶν
359 1845 463 1913 ἄλλων
483 1844 662 1930 ξυμμάχων.
705 1847 769 1915 lam
795 1869 869 1915 vero
896 1849 985 1915 etiam
1010 1850 1021 1914 l
1042 1871 1075 1915 sc
1100 1871 1201 1920 rerum
1222 1875 1278 1944 gc·

91 1940 208 2000 starum
229 1931 302 1998 ordo
324 1931 426 2016 docet,
455 1932 529 1999 Thu
569 1932 667 1998 didem
689 1954 768 1999 anno
789 1935 901 2017 altero,
921 1871 1101 2023 lllorycloide
1122 1938 1276 2026 archonte,

91 2017 191 2086 fuisse
211 2023 395 2108 praetorcmz
429 2037 499 2084 nam
554 2017 718 2118 hucydides
746 2019 817 2084 dicit
838 2023 900 2086 tum
928 2018 1044 2086 demum
1065 2019 1276 2110 Thucydidem

91 2099 218 2171 Samum
259 2103 414 2169 erveuisse
435 2125 500 2168 cum
525 2101 586 2168 iam
606 2109 714 2170 uterum
734 2103 890 2170 obsidione
911 2103 1030 2170 Samim
1051 2106 1197 2174 cinxisset
1214 2108 1277 2176 Pe·

92 2189 195 2254 ricles.
298 2187 370 2253 nudi
390 2188 485 2277 igitur
505 2188 577 2253 anni
597 2191 751 2276 praetores
772 2190 895 2254 fuerunt
914 2187 1129 2278 Thucydides,
1150 2192 1183 2259 H
1226 2215 1278 2280 no,

92 2271 259 2358 Phormio,
281 2273 497 2362 Tlepolemus,
516 2271 673 2356 Anticles,
692 2273 847 2357 Pericles,
869 2281 995 2360 quatuor
1015 2275 1082 2341 oliic
1125 2299 1194 2344 mam
1244 2303 1277 2346 e·

94 2358 185 2430 ricles
207 2359 265 2424 hoo
285 2379 399 2458 quoque
426 2379 505 2424 auno
546 2355 674 2425 raetoris
695 2379 818 2424 monere
838 2359 959 2426 functos
980 2367 1043 2443 est,
1059 2362 1152 2454 'quod
1172 2363 1278 2432 diluci.

1 2509 2 2514 ,
97 2439 132 2510 de
153 2443 308 2510 Diodorus
331 2443 402 2509 ducit
420 2442 491 2510 ΧΠ,
507 2380 564 2510 ὗε
611 2442 651 2508 Oi
671 2441 708 2506 δὲ
727 2439 821 2508 πάλιν
833 2444 990 2530 Περικλέα
1011 2445 1276 2534 προχειρισάμενοι

95 2528 270 2616 στρατηγὸν
282 2529 459 2612 ἐξέπεμψαν
478 2529 528 2595 tut
548 2525 623 2605 rode,-
643 2528 785 2608 Σαμίους
803 2528 882 2610 μετὰ
903 2535 978 2596 νεῶν
998 2529 1154 2615 ἑξήκοντα,
1176 2553 1278 2634 quam·

95 2622 249 2768 ittet
265 2615 344 2766 lli
359 2615 466 2766 tlh
485 2613 789 2764 “itttehlhit
803 2618 1276 2769 sliiildllililllfllffl

1 2811 2 2838 ι
116 2787 180 2852 rius
201 2785 312 2851 bellum
333 2791 429 2854 ortum
450 2720 519 2851 eccl
539 2785 657 2850 videtur
666 2783 764 2848 medio
780 2775 847 2848 fere
860 2805 950 2867 amno,
972 2786 1090 2888 Olymp.
1102 2723 1277 2860 dexddl

1 2955 2 2958 Ἴ
95 2805 127 2942 l.
148 2871 179 2936 ei
200 2893 236 2936 oe
256 2871 393 2936 interfuit
412 2877 444 2937 et
463 2869 645 2960 Sophocles,
679 2867 756 2953 quod
775 2869 888 2934 indicat
907 2871 987 2935 vitae
1008 2879 1135 2960 scriptor
1164 2873 1212 2958 (ἐν
1230 2877 1276 2964 τῷ

96 2956 176 3044 πρὸς
206 2956 332 3022 Ανοίαν
358 2954 498 3043 πολέμῳ)
526 2961 557 3022 et
580 2951 733 3019 Periclesc
769 2953 827 3018 hoc
853 2953 963 3021 hellom
991 2977 1057 3024 cum
1084 2957 1168 3026 brevi
1195 2967 1278 3025 esset

97 3038 692 3196 titut'lttniihlitthtlltt
706 3037 1278 3195 ilttfflttdldlhttttitht

97 3211 225 3282 Persico
246 3218 383 3302 satrapa,
409 3233 515 3278 rursus
536 3211 688 3300 potiuntur
706 3209 820 3276 insula:
847 3231 904 3298 quo
925 3173 1029 3276 dontio
1048 3210 1187 3280 Athenas
1207 3235 1277 3304 per·

97 3299 159 3366 lato
187 3320 227 3364 ex
247 3297 337 3363 editio
364 3297 444 3362 omni
470 3297 578 3362 virium
606 3297 794 3361 contentione
813 3303 951 3386 paratur,
986 3297 1033 3362 cui
1053 3298 1190 3366 Pericles
1210 3321 1277 3368 cum

98 3319 249 3474 Sophocld
269 3389 302 3447 et
321 3384 428 3468 ceteris
448 3381 635 3473 praetoribus
675 3388 800 3462 raeest.;
821 3381 882 3448 vid.
904 3381 976 3448 Thu
1017 3382 1091 3476 dl.
1113 3384 1190 3450 1162
1229 3385 1278 3452 fa·

99 3475 178 3535 ctum
199 3469 258 3534 hoc
278 3474 325 3532 est
344 3469 400 3532 sub
421 3468 521 3556 finem
533 3466 614 3532 anui.
646 3402 688 3531 lli
700 3467 835 3533 Pericles
849 3466 965 3554 quidem
1005 3467 1097 3532 amics
1109 3489 1278 3559 pugnaua·

98 3553 162 3620 vali
182 3553 222 3620 ad
242 3551 392 3640 Trogiam
412 3553 490 3618 fudit
513 3574 549 3618 ac
574 3553 707 3642 fugavit,
740 3573 913 3639 quamquam
940 3573 1002 3618 mom
1029 3553 1152 3643 integra
1180 3555 1278 3622 classe

99 3639 254 3719 utebatur3
279 3639 381 3728 plures
402 3639 480 3703 enim
502 3659 595 3703 naves
618 3637 725 3704 Chium
746 3644 777 3702 et
796 3637 931 3705 Lesbum
951 3639 1074 3705 miserat
1094 3639 1143 3726 qui
1165 3639 1279 3704 auxilia

98 3727 306 3814 mitescerent,
337 3723 399 3789 vid.
421 3722 632 3811 Thucydideo:
670 3721 845 3806 Ἀθηναῖοι
871 3722 923 3802 δέ,
954 3719 997 3800 ὡς
1017 3721 1155 3808 sichem
1175 3728 1277 3788 ταῦτα

100 3805 287 3886 πλεύσαντες
313 3810 420 3874 ναυσὶν
446 3805 592 3890 ἑξήκοντα
618 3807 668 3873 ἐπὶ
693 3804 819 3891 Σάμου,
850 3817 919 3884 ταῖς
943 3807 1000 3891 μὲν
1029 3805 1190 3874 ἑκκαίδεκα
1214 3810 1278 3873 τῶν

101 3901 176 3961 νεῶν
198 3893 255 3960 οὐκ
275 3891 445 3980 ἐχρήσαντο
468 3893 593 3979 (ἔτυχον,
608 3891 667 3980 γὰρ
690 3894 723 3958 αἱ
742 3893 799 3974 μέν
819 3894 868 3958 doci
889 3895 1015 3981 Καρίας
1035 3897 1078 3970 εἰς
1098 3891 1278 3977 προσκοπῆν

100 3985 164 4046 τῶν
187 3985 363 4044 Φοινισσῶν
383 3985 458 4044 νεῶν
480 3975 649 4061 οἰχόμεναι,
681 3977 715 4043 αἱ
736 3977 769 4044 d’
793 3980 842 4044 tut
862 3980 946 4044 Χίον
967 3980 1018 4044 καὶ
1038 3977 1170 4060 Λέσβον
1192 4003 1278 4066 περι-

101 4064 304 4152 σμγίλλοοσαι
324 4065 479 4152 βοηθεῖν)
500 4059 728 4150 τεσσαράκοντα
749 4063 783 4129 δὲ
803 4066 894 4130 ναοσὶ
915 4064 966 4129 καὶ
986 4065 1143 4150 τέσσαρσι,
1178 4066 1278 4152 Περι-

1 4207 2 4218 ,
102 4151 211 4228 κλέους
231 4146 360 4216 δεκάτου
382 4150 479 4215 αὐτοῦ
500 4155 753 4236 στρατηγοῦντος,
775 4146 993 4234 ἐναυμάχησαν
1006 4147 1084 4236 πρὸς
1096 4149 1217 4239 Tpoylp
1237 4155 1277 4234 τῇ

1 4237 2 4322 ζ
101 4234 187 4325 νήσῳ
209 4241 274 4302 κτλ.
317 4235 403 4302 llaec
423 4235 492 4302 dum
519 4243 664 4326 geronem
684 4233 848 4326 Sophocles
870 4235 977 4304 Chium
999 4241 1030 4301 et
1049 4235 1184 4302 Lesbum
1206 4234 1279 4300 adiit

1 4335 2 4352 ¹
103 4341 170 4388 cum
191 4321 335 4405 navibus,
355 4327 388 4388 ut
407 4342 501 4388 naves
521 4327 553 4387 et
573 4321 673 4411 copias
694 4327 874 4390 arcesseret:
920 4319 978 4387 uod
998 4320 1158 4388 memoriae
1178 4319 1278 4412 proi·

106 4407 150 4474 dit
169 4404 328 4498 Sophoclis
348 4407 481 4496 aequalis
507 4405 563 4476 lou
584 4405 662 4500 apud
681 4401 869 4474 Athenaeum
889 4342 973 4473 tlffl.
995 4405 1109 4498 poca
1129 4402 1173 4470 1²:
1216 4407 1277 4468 Σο-
