3042 5070
246 311 290 384 α
498 409 501 414 ,
626 306 1031 386 commursmouus

246 483 315 569 περὶ
335 477 502 568 σχημάτων
527 481 561 549 in
579 481 741 554 Villoisoni
759 481 880 552 Aneodr
896 483 939 554 Τ.
960 484 1001 552 11.
1021 505 1051 576 p.
1071 485 1115 554 93
1133 491 1166 554 et
1185 485 1219 556 iu
1239 486 1286 556 ed.
1306 485 1417 558 Dindf.

245 592 275 660 p.
296 567 349 635 57.
391 573 462 634 Noe
480 567 537 651 pedu
555 565 724 656 Aculeone
745 563 847 656 ἄρχει,
883 566 1053 658 Λεῶφιλος
1072 573 1102 636 d’
1123 573 1292 661 ἓπικρατεῖ,
1319 577 1418 640 Λεω-

247 656 330 742 φίλρ
352 653 386 718 δὲ
412 650 512 718 πάντα
538 663 648 733 κεῖται,
681 651 829 742 Λεώφιλε
856 657 886 720 δ’
911 653 1014 721 ἄκουε.
1056 655 1099 723 Et
1118 681 1190 722 usus
1212 666 1260 724 est
1277 659 1326 725 his
1348 682 1418 726 rer-

247 741 329 804 sibus
350 739 409 804 iam
428 739 583 804 Porsonus
604 740 739 804 Praefat
766 741 804 806 ad
825 739 940 806 Hecub.
960 741 1066 832 Eurip.
1086 765 1116 830 p.
1134 743 1242 828 XXV,
1294 745 1324 810 ui
1351 768 1419 812 cum

246 825 280 890 in
300 825 402 890 comici
422 825 564 889 versibus·
580 825 656 914 apud
677 825 868 890 Plutarchum
888 827 1056 928 legeretur:
1077 829 1241 911 Μητίοχος
1262 765 1295 894 dl
1315 826 1420 896 πάντα

246 909 544 1062 hildilid
570 910 1420 1086 htttt,tettldthhgttltlnltlltt'

245 1081 306 1146 nisi
325 1081 404 1146 forte
425 1081 491 1166 quis
510 1081 554 1146 ita
575 1081 681 1146 dictum
703 1103 771 1148 esse
790 1083 955 1166 existimet,
987 1090 1020 1148 ut
1039 1084 1094 1150 situ
1133 1093 1246 1151 emota
1266 1023 1422 1152 audica}

245 1181 365 1232 eunte·
389 1171 420 1230 at
445 1165 477 1231 id
503 1165 619 1252 quidem
644 1167 698 1232 uix
729 1165 802 1232 satis
857 1191 943 1235 raeoe
973 1168 1102 1236 dicatur:
1144 1171 1331 1258 dubitarique
1357 1172 1422 1237 iam

245 1252 330 1335 olim,
374 1272 439 1316 oum
466 1250 504 1316 ad
530 1250 749 1318 Anacreontem
775 1275 804 1342 p.
833 1190 885 1321 {2
913 1255 1073 1343 legendum
1107 1277 1260 1320 censerem
1271 1261 1288 1320 r*
1322 1251 1418 1322 πάντ’

246 1335 376 1414 ἀνεῒται,
412 1335 489 1401 male
516 1336 548 1402 id
574 1331 705 1424 quidem,
743 1359 839 1424 neque
866 1346 964 1404 tamen
984 1340 1126 1405 hhrorum
1147 1341 1322 1429 scripturam
1343 1341 1420 1410 ferri

245 1443 335 1512 posse
363 1421 500 1486 arbitror.
547 1421 658 1488 Parum
694 1423 825 1490 utilitatis
851 1423 995 1514 praebent
1016 1425 1147 1492 codicum
1167 1427 1269 1490 variae
1290 1426 1421 1494 lectione
1514 1441 1515 1452 ¹

245 1513 383 1572 enotume
394 1507 471 1596 apud
481 1505 714 1574 Dindorfiumin
750 1511 826 1576 raes.
837 1531 866 1599 p.
886 1509 1031 1578 XXXIII.
1068 1509 1218 1584 Videntur
1239 1520 1337 1578 autem
1357 1512 1422 1578 Ar·

245 1591 372 1661 ohilochi
391 1613 497 1656 versus
517 1595 561 1658 lta
581 1530 752 1682 corrigendi
772 1617 858 1660 esset

328 1699 400 1782 Νῦν
421 1694 455 1758 δὲ
474 1689 641 1782 Accipiter
660 1695 717 1778 μὲν
737 1693 840 1782 ἄρχει,
859 1691 1030 1783 Λεῶφιλος
1051 1693 1083 1762 δ’
1106 1696 1270 1783 ἐπικρατεῖ,

245 1813 250 1820 ·
330 1779 490 1868 Λεωφίλῳ
512 1781 546 1844 δὲ
566 1777 655 1844 πάντ’
679 1780 870 1872 depietae,
890 1784 1061 1870 Λεωφίλοο
1083 1780 1114 1847 δ’
1138 1778 1291 1882 ἀκούεται.

246 1885 279 1949 u't
313 1881 391 1948 dicat
420 1888 522 1972 poeta:
572 1885 671 1948 Nunc
695 1907 774 1950 uero
800 1886 987 1964 leopatus
1010 1900 1129 1965 potem
1157 1900 1210 1950 eet
1233 1894 1272 1950 tn
1297 1911 1420 1966 amore,

245 1968 540 2046 conclamamus
559 1969 720 2048 imperat,
750 1995 838 2036 amec
857 1971 1022 2050 Leopleclo
1046 1978 1156 2035 omnia
1172 1985 1306 2048 patent,
1330 1997 1420 2038 muno

245 2055 406 2132 Leopucu
426 2062 498 2117 uoco·
520 2058 726 2119 auscultant.
769 2057 858 2121 Dixit
878 2058 952 2122 haec
967 2055 1165 2121 Archilochus
1185 2057 1219 2122 iu
1238 2057 1419 2146 Leuphilum

247 2138 408 2224 quendam,
434 2139 467 2202 in
489 2159 588 2204 amore
609 2141 769 2222 aemulum,
797 2142 845 2206 cui
866 2142 964 2206 omnia
984 2142 1239 2230 permitterentur,
1273 2165 1338 2208 cum
1359 2143 1420 2232 ipsi

246 2225 337 2288 ianua
368 2229 449 2288 esset
480 2223 591 2290 clausu.
654 2225 724 2290 Non
755 2227 928 2292 dissimilem
964 2228 1142 2292 sententiam
1173 2227 1306 2320 reperies
1341 2229 1421 2318 apud

245 2308 439 2375 Theocritum
458 2307 544 2390 XIV,
564 2309 624 2376 472
710 2331 713 2336 ·

335 2405 381 2476 Οἷ
396 2409 430 2474 dd
450 2403 561 2486 Λύκος
581 2415 636 2475 νῦν
656 2407 773 2487 πάντα,
794 2407 897 2500 Λύκῳ
918 2413 969 2478 καὶ
990 2411 1099 2491 νυκτὸς
1119 2399 1264 2501 dometur,

324 2492 442 2576 ’Άμμες
463 2493 494 2559 δ’
519 2492 588 2560 oilae
610 2491 692 2580 λόγω
712 2496 793 2572 τινὸς
814 2495 911 2575 ἄξιοι,
940 2494 1007 2565 oe'o‘c’
1031 2497 1213 2586 ἆρἰθματοί,

271 2593 273 2598 ’
331 2577 490 2646 Δύστανοι
510 2584 689 2668 Μεγαρῆες,
711 2579 882 2668 ἀτιμοτάτη
904 2583 946 2648 ἐνὶ
967 2585 1073 2674 μοίρᾳ.

248 2683 390 2754 Cratinus
412 2691 524 2766 autem,
551 2683 726 2749 Archilochi
747 2685 912 2774 exemplum
933 2685 966 2750 in
986 2693 1098 2754 tantum
1118 2693 1252 2772 secutum,
1279 2677 1420 2775 quantum

247 2769 442 2836 conveniebat
460 2769 611 2834 institutae
633 2771 814 2854 sententiae,
847 2771 923 2836 dixit

245 2922 250 2928 ,
332 2847 495 2938 Μητίοχος
517 2855 550 2918 δὲ
571 2848 671 2920 πάντα
693 2864 780 2934 ποιεί,
1209 2925 1210 2928 ¹

248 2941 306 3025 (sic
332 2943 411 3006 enim
438 2940 572 3028 corrigo,
604 2941 696 3030 uulgo
724 2949 869 3028 ποιεῖται)
898 2949 929 3006 et
955 2940 1062 3008 deinde
1087 2947 1343 3032 praeter‘ornnem
1364 2965 1418 3008 ex-

246 3027 455 3118 spectationem
476 3025 613 3090 subiecit:

406 3123 420 3178 l
830 3111 996 3195 Μητίοχος
1016 3109 1049 3176 d'
1073 3106 1243 3192 οἰμώξεται.

245 3212 414 3280 Metiochus
445 3213 513 3296 ille,
556 3211 606 3298 qni
625 3211 714 3278 etiam
739 3213 877 3293 breviore
904 3215 1002 3278 forma
1033 3211 1182 3278 Metichus
1215 3235 1251 3302 ap
1273 3213 1419 3280 allabatur

247 3299 318 3382 (hoc
338 3300 434 3402 ipsum
460 3297 621 3363 Elmsleius
642 3299 799 3375 restituere
819 3299 913 3364 voluit
937 3297 1078 3380 Cratino,
1101 3319 1139 3362 ue
1161 3235 1306 3398 dactylico
1326 3321 1418 3366 versu

246 3405 363 3450 numen
389 3385 531 3450 trochaici
557 3383 608 3448 lex
634 3384 811 3449 violaretur:
854 3384 908 3450 sed
935 3383 1017 3448 licuit
1042 3383 1075 3448 id
1102 3383 1136 3446 in
1157 3405 1276 3450 nomme
1297 3387 1417 3474 proprIo

246 3469 401 3536 admittere
432 3469 589 3558 praecipue
623 3491 688 3534 cum
720 3471 787 3534 reri
817 3470 858 3534 sit
889 3469 1068 3534 similhmum
1099 3489 1208 3533 nomen
1240 3466 1419 3552 Μητιόχοο,

245 3575 322 3641 quae
343 3562 389 3621 est
407 3555 549 3642 primaria
568 3555 680 3635 forma,
711 3555 745 3620 in
770 3555 890 3657 vulgari
910 3575 1047 3620 sermone
1066 3552 1110 3618 ita
1130 3553 1225 3618 fuisse
1245 3557 1419 3645 pronuntia-

245 3645 319 3722 tum,
339 3649 373 3706 ut
392 3640 491 3710 littera
511 3653 530 3704 o
552 3637 732 3723 elideretur,
753 3661 838 3726 quasi
859 3661 967 3706 nomen
988 3645 1069 3704 esset
1089 3640 1250 3722 Μητίχος,
1278 3647 1365 3726 atque
1386 3640 1418 3706 id

247 3725 335 3793 etiam
362 3748 402 3790 ex
430 3725 590 3813 exemphs,
633 3746 707 3810 quae
734 3726 929 3792 subiiciuntur
959 3726 1032 3790 satis
1055 3725 1204 3825 apparetrl
1247 3725 1417 3790 Metiochns

246 3811 258 3876 i
281 3811 341 3876 ‘tur
360 3811 489 3876 Periclis
516 3809 672 3874 familiaris
695 3817 725 3875 et
744 3833 808 3877 rem
828 3811 974 3902 puhhcam
995 3811 1094 3898 attigit
1114 3815 1145 3874 et
1164 3831 1237 3875 vero
1258 3811 1347 3874 etiam
1369 3833 1419 3875 ar-

247 3919 264 3962 c
285 3899 388 3964 'tectus
407 3897 477 3962 fuit:
505 3895 624 3983 saepius
646 3918 712 3962 eum
734 3919 801 3962 esse
822 3898 1051 3987 reprehensum,
1084 3893 1161 3980 quod
1187 3895 1298 3960 civitati
1325 3896 1419 3960 noxia

245 3984 384 4048 suaderet
421 3981 506 4048 docet
520 3979 646 4046 Photius
664 4003 692 4072 p.
706 3983 781 4065 268,
797 3985 833 4050 ὃς
864 3979 1019 4064 Μητίχός·
1040 3979 1224 4065 ἀρχιτέκτων
1239 3983 1290 4045 καί
1313 3978 1417 4067 ῥήτωρ

243 4067 405 4135 τῶνοῦτα
418 4067 562 4148 βέλτιστα
574 4064 853 4150 συμβουλευόντων.
893 4066 1010 4134 Similia
1022 4067 1163 4154 leguntur
1173 4066 1250 4154 apud
1260 4065 1419 4132 Gramma-

193 4179 195 4184 ·
244 4157 333 4224 ticum
351 4151 491 4220 Bekkeri
510 4152 552 4218 T.
572 4151 598 4218 Ι.
618 4175 647 4242 p.
667 4155 742 4236 3⁰9,
759 4155 809 4222 17.
831 4155 892 4220 nisi
903 4154 979 4242 quod
991 4153 1033 4218 ihi
1045 4171 1148 4216 erroro
1157 4151 1280 4239 negatio
1291 4151 1417 4217 excidit:

189 4303 193 4310 ,
247 4232 561 4322 ΤίμενοςΜητιόχου·
572 4238 768 4323 δικαστήριον
778 4237 953 4322 ὀνομασθὲν
964 4235 1197 4320 ἀπὸΜητιὸχου
1205 4235 1419 4322 ἀρχιτέκτονος

244 4322 417 4412 ἓρήτορος
442 4327 505 4388 τῶν
531 4321 597 4410 (οὗ)
624 4322 663 4392 τὰ
691 4325 835 4406 βέλτιστα
854 4317 1158 4410 συμβουλευσάντων.
1201 4321 1243 4388 Et
1263 4323 1418 4414 conquerif

245 4417 295 4478 tur
313 4411 363 4476 his
373 4407 447 4502 ipsis
455 4409 595 4480 uersibus
606 4411 734 4478 comicus
750 4417 849 4502 poete,
869 4411 946 4500 quod
956 4407 1124 4481 Iletiochus
1134 4407 1373 4508 Periclisgrah‘a
1386 4415 1419 4474 et
