3042 5070
335 343 396 414 DE
418 339 1066 430 antro.comono.so'r,snu1e.
1240 351 1283 420 19

105 507 203 600 οὗπερ
232 509 338 600 ἅρχων
363 512 392 576 oi
422 511 456 578 δὲ
480 509 566 598 παρὰ
592 510 666 588 τοδς
693 511 814 591 ἕνδεκα,
861 512 901 578 Oi
927 513 959 580 δ’
982 516 1016 582 ἓν
1036 511 1092 602 pt.
1114 518 1174 584 δικ.
1197 519 1225 584 ei
1247 520 1280 584 δι’

103 601 185 690 πρὸς
216 608 284 675 τοῖς
308 599 437 679 τειχίοις.
486 597 530 662 At
555 594 774 686 Aristophanes
801 597 917 662 videon
944 599 1057 666 dixisse
1086 602 1115 667 οἱ
1142 603 1176 668 δι’
1195 603 1279 690 παρὰ

102 686 181 762 τσὺς
202 685 308 749 ἕνδεκα
331 683 587 764 ξυμβεβυσμένοι,
609 689 642 747 nt
661 683 860 748 nomenillins
881 683 982 750 iudicii
1002 687 1177 774 respiceret:
1220 689 1280 754 Pa·

99 774 263 860 rabystum
284 768 362 834 enim
384 768 558 832 vocabatur:
586 789 639 832 cur
657 768 702 833 ita
728 767 768 832 sit
787 769 963 858 appellatum
983 770 1094 838 indicet
1112 773 1280 842 Pausanias

100 858 129 924 l.
158 857 213 937 28,
241 855 279 919 82
331 851 379 918 Τὸ
410 853 468 933 μὲν
501 843 556 916 οὗν
581 849 770 934 καλούμενον
794 849 1008 938 Παρόβυστυν
1034 860 1085 920 καί
1115 861 1280 943 Τρίγωνον,

103 941 141 1008 τὸ
169 942 228 1023 μὲν
254 939 287 1003 ἓν
314 936 432 1023 όφανεῖ
446 941 503 1019 τῆς
524 933 639 1014 πόλεως
660 935 695 1002 όν
715 940 766 1002 καί
790 937 839 1003 ἐπ’
863 940 1033 1021 ἐλαχίστοις
1054 939 1218 1014 συνιόντων
1239 949 1282 1022 είς

105 1023 202 1104 αὐτό,
229 1029 287 1088 τοῦ
300 1023 343 1086 ,δὲ
364 1021 426 1086 ἀπὸ
447 1027 503 1086 τοῦ
525 1019 683 1104 σχήματος
703 1020 763 1104 δ’χει
784 1021 824 1087 τὰ
845 1020 991 1106 ὀνόματα.
1036 1024 1179 1092 Umlecim
1199 1031 1282 1095 viros
1388 1031 1389 1034 ’

106 1117 207 1178 nutem
228 1109 299 1174 huic
320 1107 429 1186 iudicio
459 1108 626 1196 praefuisse
653 1107 739 1174 docet
763 1106 960 1198 Harpocratio
982 1132 1011 1199 p.
1034 1109 1106 1178 146.
1131 1114 1176 1178 ed.
1198 1113 1283 1181 Bek-

106 1197 194 1263 keri:
237 1189 449 1277 Πορόβυστον
471 1189 568 1268 οὕτως
594 1189 729 1268 ἐκαλεῖτό
754 1217 785 1256 τι
810 1199 872 1258 τῶν
900 1194 977 1281 παρ’
995 1194 1173 1278 Ἀθηναίοις
1194 1201 1282 1262 δικο-

109 1281 258 1366 στηρίιυν,
300 1281 333 1343 ἐν
354 1265 380 1365 ᾧ
405 1278 544 1358 ἐδίκαζον
571 1277 599 1341 ei
630 1271 672 1341 ιό.
710 1276 863 1363 Ἀντιφῶν
892 1280 925 1344 ἒν
951 1285 995 1369 τῷ
1022 1281 1099 1364 πρὸς
1127 1285 1281 1350 Νικοκλέα

113 1368 183 1448 περί
205 1361 292 1447 ὅροιν·
322 1359 549 1446 μνημονεύουσι
571 1360 600 1426 δ’
626 1361 724 1428 αότυῦ
744 1360 833 1430 ἄλλοι
853 1388 885 1430 τε
905 1370 967 1430 τῶν
987 1371 1200 1449 repatrianti
1224 1373 1282 1434 Τι-

114 1455 229 1532 μοκλῆς
248 1450 280 1514 ίν
297 1446 599 1534 Ὀρεσταυτοκλείδη.

193 1533 263 1623 lpse
282 1533 339 1598 hec
359 1533 462 1598 fabule
483 1532 552 1618 quid
572 1531 756 1621 potissimum
776 1539 864 1621 poete
891 1535 1084 1622 spectaverit,
1118 1537 1192 1602 satis
1221 1560 1282 1606 am-

108 1620 230 1708 biguum
252 1625 313 1684 est:
341 1639 382 1684 ex
402 1616 553 1705 Diogenis
575 1617 692 1702 quidem
712 1617 777 1682 loco
798 1617 830 1682 in
849 1617 988 1685 Prooem.
1012 1619 1062 1686 lu.
1086 1641 1171 1706 quem
1192 1645 1227 1688 sn
1247 1646 1283 1691 ra

105 1705 270 1794 adscripsi,
313 1703 444 1768 ίοτίυεεο
470 1702 609 1768 coniicist
634 1702 741 1788 aliquis
768 1702 805 1766 de
833 1704 932 1791 poesis
960 1705 989 1770 vi
1015 1711 1045 1772 et
1071 1714 1179 1771 nature
1234 1731 1282 1772 ra·

103 1791 198 1856 tinum
222 1788 417 1854 disseruisse:
447 1809 486 1852 ne
506 1810 544 1852 ne
564 1787 739 1876 negaverim
759 1784 832 1852 hoc:
853 1787 941 1856 simul
962 1809 1035 1854 vero
1056 1791 1144 1856 etiarn
1165 1791 1202 1857 de
1222 1795 1283 1860 rei·

102 1875 241 1966 publicae
262 1874 359 1940 forma
380 1879 411 1938 et
436 1808 604 1937 conlitione
631 1872 700 1957 quid
726 1873 852 1938 sentiret
909 1873 1022 1938 dixisse
1050 1875 1180 1940 videturz
1224 1877 1282 1944 hnc

102 1959 304 2026 revocandum
326 1964 373 2024 est
391 1957 514 2046 insigne
540 1957 757 2066 fragmentum,
788 1921 866 2044 qnotl
892 1959 1025 2024 servavit
1049 1955 1228 2027 Plutarchus
1249 1962 1282 2028 in

103 2045 168 2111 vita
194 2043 331 2112 Cimonis
362 2064 388 2110 c.
414 2041 516 2150 10st)²
554 2044 655 2128 Λυτῷ
682 2041 716 2105 δὲ
741 2042 891 2107 νεανίσκοι
921 2043 1105 2128 παρείποντο
1137 2041 1283 2130 συνήθεις

105 2125 311 2212 ἀμπεχόμενοι
336 2131 458 2209 καλῶς,
489 2151 534 2190 ιον
555 2129 696 2204 ἕκαστος,
718 2123 751 2190 τί
767 2151 815 2204 τις
835 2123 978 2212 συντύχοι
999 2133 1043 2216 τῷ
1070 2127 1193 2210 Κίμωνι
1221 2137 1283 2198 τῶν

106 2213 208 2280 ἀστῶν
239 2208 445 2300 πρεσβύτερος
477 2211 522 2294 ἢμ
550 2211 685 2294 ιεσμίνος
716 2211 839 2290 ἐνδεῶς,
883 2215 1055 2295 διημείβετο
1083 2214 1161 2302 πρὸς
1187 2215 1283 2284 αὐτόν

102 2299 142 2364 τὰ
169 2293 290 2381 ἱμάτια·
320 2300 372 2364 καί
399 2295 436 2364 τὸ
466 2236 624 2380 γενόμενον
654 2297 794 2383 ἐφαίνετο
826 2294 946 2380 σεμνόν.
993 2299 1033 2364 Oi
1059 2295 1092 2364 δ’
1122 2299 1209 2366 αὐτοὶ
1231 2304 1282 2366 καί

101 2381 241 2494 νόμισμα
263 2384 434 2466 κομίζοντες
455 2379 614 2469 ἄφθονον,
648 2378 870 2467 παριστάμενοι
898 2393 964 2462 τοῖς
990 2394 1125 2466 κομψοῖς
1146 2391 1207 2450 τῶν
1228 2412 1286 2456 πει,

101 2495 204 2552 νητιον
231 2470 264 2536 ἕν
289 2470 388 2559 ῶγυρᾷ
414 2473 514 2553 σιωπῇ
537 2473 598 2534 τῶν
624 2468 795 2553 κερματίων
825 2465 988 2550 ίνεβόλλον
1014 2471 1063 2550 είςι
1082 2468 1139 2546 τὰς
1162 2469 1280 2557 χεῖρας,

101 2545 209 2668 ῶνΙδὴ
230 2556 282 2620 καί
302 2556 459 2642 Κρατῖνος
480 2550 651 2637 όκωμικδς
672 2555 704 2620 ἐν
720 2551 909 2640 Ἀρχιλόχοις
929 2551 1007 2622 ἔοικε
1027 2561 1206 2640 μεμνῆσθαι
1228 2556 1280 2621 διδ

100 2661 238 2708 τουτων·

188 2721 289 2809 Karai
309 2722 369 2809 γὰρ
390 2719 506 2808 ηόχουν
527 2718 713 2807 Μητρόβιος
733 2717 750 2786 ό
772 2723 970 2810 γραμμοτεδς

189 2809 255 2876 nav
276 2807 366 2895 ἀνδρί
387 2811 463 2896 θείῳ
485 2810 535 2873 καί
557 2804 788 2894 φιλοξενωτάτῳ

189 2897 256 2960 Καὶ
279 2891 374 2961 πάντ’,
389 2891 506 2982 ἀρίστῳ
526 2898 589 2958 τῶν
608 2888 815 2968 Πανελλήνιον
836 2891 896 2976 πρὸ
917 2897 973 2958 τοῦ

189 2982 327 3060 Κίμωνι,
355 2977 486 3064 λιπαρόν
505 2983 603 3064 γῆρας
624 2975 831 3060 εὐωχούμενος

187 3069 302 3130 Alaina
323 3060 424 3130 πάντα
444 3065 691 3151 συνδιατρίψειν·
714 3059 730 3128 ὃ
752 3063 786 3128 δὲ
807 3061 904 3128 λαιῶν

188 3150 309 3232 Βίβηκε
331 3145 486 3236 πρότερος.
619 3211 622 3218 .

101 3235 185 3302 Hinc
214 3235 354 3300 coniicias
386 3235 564 3301 Metrobinm
586 3234 674 3298 istum
696 3233 823 3298 scribam
844 3233 939 3298 fnisse
960 3253 1117 3320 pauperem
1139 3233 1278 3300 enodem·

101 3344 159 3408 que
191 3321 302 3386 eximia
330 3319 464 3386 Cimonis
493 3319 700 3384 benevolentia
726 3326 756 3384 et
777 3318 954 3384 liberalitate
977 3339 1068 3382 usum.
1111 3315 1278 3384 Metrobios

100 3415 200 3471 autem
229 3406 347 3471 videtur
374 3427 469 3470 senex
516 3413 580 3470 ater
600 3426 668 3470 esse
692 3402 806 3485 Conni,
848 3405 917 3469 item
939 3402 1118 3502 pauperrimi
1139 3403 1277 3486 fidicinis,

120 3489 465 3642 litsqcmtinlhfiiibus
493 3425 612 3640 loupi7t.2
640 3488 835 3640 Humagum
863 3487 1005 3638 llllpprolir
1031 3487 1132 3636 liliola&
1151 3489 1280 3600 appellat

142 3597 191 3642 ao
219 3599 252 3640 ln
309 3599 326 3640 u
372 3598 466 3642 ·emo
513 3623 521 3642 .
613 3597 689 3641 ,αι
773 3599 829 3639 σπι
929 3597 987 3637 ννιυ
1017 3595 1034 3635 τ
1150 3597 1276 3640 τοιου

99 3667 146 3749 τῷ
160 3665 343 3746 Κιθαριστῇ
359 3598 437 3726 letin
449 3599 620 3728 Miseneno
642 3681 670 3748 p.
692 3661 767 3724 236.
789 3600 920 3724 spplici
942 3596 1063 3722 Ιίόννόό
1078 3681 1110 3742 γε
1130 3581 1276 3740 iiiique-

98 3749 246 3833 τροβιόυ.
268 3737 354 3811 οὗτοι
374 3743 432 3830 γάρ
454 3772 508 3828 μοι
525 3743 581 3810 δύο
604 3749 661 3810 εἶσί
682 3741 879 3810 διδάσκαλοι·
902 3741 918 3808 ὃ
938 3743 995 3823 μὲν
1013 3748 1177 3825 μουσικῆς,
1199 3739 1218 3826 ἢ
1241 3745 1276 3808 δὲ

99 3831 278 3918 ῥητορικῆς.
306 3839 336 3896 et
361 3839 464 3896 auctor
488 3831 614 3921 Epistol.
647 3829 762 3896 Socrat.
809 3879 816 3896 .
842 3832 899 3896 31:
937 3827 1120 3908 Ἀκυυμενὸν
1138 3826 1191 3891 τὸν
1210 3855 1275 3908 μιι-

98 3915 203 3986 sorra
238 3915 278 3982 τό
309 3916 432 4000 ἰατρικὰ
464 3919 515 3980 καὶ
545 3915 585 3982 τὰ
610 3915 745 3998 μουσικδι
771 3852 911 3995 iterent
940 3938 972 3980 τε
998 3913 1049 3976 καί
1080 3907 1196 3976 Κόννον
1221 3911 1275 3978 τόν

98 4004 302 4089 Μητροβίου.
344 4003 427 4068 Idem
447 4003 611 4091 suspicatus
632 4009 679 4066 est
698 3999 970 4078 winkelmanns,
1009 3999 1055 4062 vir
1080 3998 1273 4064 amicissimus

98 4089 133 4152 in
154 4089 251 4180 praef.
273 4088 320 4154 al.
341 4086 473 4176 Euthyd.
494 4110 522 4177 p.
543 4087 614 4154 XL.
658 4085 781 4154 Suribne
803 4093 899 4154 autem
919 4083 1028 4174 publici
1054 4104 1119 4150 cum
1145 4082 1272 4150 Athenis

94 4227 409 4240 „anm-m*-

173 4307 201 4375 ⁸)
235 4309 277 4361 De
299 4309 397 4375 insigni
420 4308 575 4362 liberalitate
599 4307 717 4360 Cimonis
745 4324 813 4376 quse
842 4306 923 4358 refert
945 4303 1100 4357 Plutarchus
1124 4309 1187 4358 nota
1209 4311 1272 4357 sunt

100 4377 241 4443 omnibus,
265 4386 373 4430 erretur-s
390 4385 478 4430 entem
494 4393 558 4430 usus
576 4383 617 4428 est
633 4375 822 4445 ΤΙισοροιορο,
845 4375 891 4444 qui
913 4373 1121 4442 Philippicorum
1142 4373 1209 4426 libro
1236 4373 1268 4426 X.

99 4444 199 4500 sinilia
214 4446 248 4500 ds
267 4445 379 4498 Cimone
393 4445 536 4500 memoriae
553 4444 683 4514 prodidit,
699 4445 753 4500 sid.
770 4443 866 4498 Atluen.
884 4443 944 4496 xo.
961 4459 988 4510 ρ.
1006 4441 1067 4499 533.
1084 4444 1117 4494 Α.

985 4529 1025 4590 2.
