3004 5048
243 313 308 382 ³⁵8
632 298 1037 388 coomtmt'rh't‘lonns
1129 299 1133 306 ’

245 477 416 568 ἢδιιάκεις.
458 481 525 544 ΕΥ.
553 472 676 544 Atrdae).
718 473 787 538 ΣΩ.
811 473 905 557 Τίνας
949 473 1014 538 ΕΥ.
1037 465 1097 538 Ὃκ
1120 463 1239 536 διώκων
1268 459 1311 535 αι’)
1331 471 1425 536 δοκῶ
1493 425 1494 500 l

241 569 421 648 μαίνεσθαι.
464 564 534 628 ΣΩ.
559 565 602 626 TI
620 561 670 640 ot,
691 555 853 641 πετόμενόν
878 583 947 623 τινα
968 552 1100 640 διώκεις,
1141 549 1209 622 ΕΥ.
1229 557 1364 640 Πολλοῦ
1388 580 1424 639 γε

247 655 296 716 δεῖ
313 651 474 728 πέτεσθαι,
497 645 529 724 ὅς
549 672 581 731 γε
603 646 641 730 δὴ
662 641 800 728 τυγχάνει
822 641 864 708 do
885 636 918 708 εὗ
938 639 1024 726 μάλα
1046 636 1229 728 πρεσβύτης.
1263 640 1334 704 ΣΩ.
1362 637 1424 716 Τίς

248 726 353 812 orium,-
396 737 461 798 EY.
478 730 516 798 ‘0
538 731 611 814 ἐμὸς
632 729 744 816 πατήρ.
773 729 841 794 m.
859 727 898 794 ‘O
918 726 986 807 σάς,
1008 719 1034 793 ὦ
1054 726 1207 810 βέλτιστος
1233 723 1299 790 EY.
1322 722 1424 790 Πάνυ

245 821 301 902 μὲν
322 811 386 885 οὖν.
428 811 602 884 §lirinum
624 817 658 882 δὲ
679 815 716 898 δὴ
738 816 769 880 τί
789 815 823 879 τὸ
845 812 989 898 ἴγκλημα,
1010 815 1061 877 καὶ
1081 814 1164 888 τίνος
1184 805 1203 895 ἦ
1223 813 1310 894 tilam
1350 813 1425 876 EY.

249 903 370 983 Φόνου,
405 897 622 988 ὦΣάκρατις.
664 902 769 988 Neque
789 919 861 965 vero
888 900 962 964 haec
990 899 1022 964 id
1042 899 1249 986 comprobant,
1277 914 1314 961 ea
1341 917 1425 982 quae

246 991 401 1080 Diogenes
422 997 535 1072 narrat,
556 988 625 1054 fieta
645 985 790 1136 estquod
812 986 970 1074 opinantur
989 985 1149 1072 depravata
1170 1002 1252 1050 esse:
1274 1001 1345 1046 nam
1368 981 1424 1047 ille

246 1075 407 1140 haechaud
424 1071 511 1138 dubie
523 1095 562 1138 ex
575 1073 633 1137 alio
653 1091 709 1157 quo
730 1093 776 1135 am
797 1071 906 1154 hausit,
928 1069 981 1136 sed
1002 1089 1062 1134 nou
1076 1070 1141 1158 ipss
1162 1073 1343 1134 commentos
1358 1079 1423 1136 est:

245 1161 375 1226 fortasse
388 1159 519 1224 narratio
532 1159 585 1222 illa
597 1177 637 1222 ex
647 1157 713 1246 ipsa
723 1157 779 1220 hoo
790 1157 891 1220 comici
906 1150 1007 1220 sabula
1021 1156 1176 1243 estpetitu.
1197 1153 1284 1218 Plato
1301 1153 1425 1238 quidem

246 1245 326 1312 illam
339 1243 666 1332 litemEnthyphronem
677 1241 767 1306 tradit
778 1240 942 1306 intendisse
954 1241 1077 1330 patries
1088 1245 1230 1327 tempore,
1241 1259 1297 1324 quo
1310 1237 1426 1304 Socra-

246 1337 292 1396 tes
305 1352 323 1396 a
335 1329 446 1394 Melete
463 1335 528 1392 erat
538 1333 706 1394 aecusatus:
728 1327 771 1390 ita
784 1338 816 1390 ut
828 1325 952 1415 Eupolis
963 1347 1024 1390 non
1034 1325 1161 1414 potuerit
1171 1319 1425 1414 Enthyphronem

247 1415 395 1501 castigare
415 1419 535 1503 propter
554 1413 642 1478 istam
661 1411 822 1488 insaniem,
851 1411 878 1475 si
899 1431 971 1494 uera
992 1415 1093 1475 essent
1114 1431 1165 1492 ea,
1193 1429 1267 1494 quae
1288 1409 1325 1473 de
1348 1413 1426 1474 tem-

245 1519 318 1588 pore
340 1499 409 1562 dicit
429 1496 517 1562 Plato
538 1519 567 1644 p
588 1499 609 1562 2
629 1495 678 1580 A,
707 1495 758 1562 uhi
778 1495 977 1584 Euthyphron
999 1497 1041 1561 ita
1062 1496 1229 1582 interrogat
1249 1491 1423 1560 Socratem:

251 1581 297 1648 Ori
325 1579 382 1668 γάρ
410 1607 470 1646 που
500 1607 538 1646 κα
573 1606 621 1647 σοι
657 1581 725 1664 δίκη
746 1605 793 1656 τις
821 1573 899 1646 αἶσα
926 1577 1063 1664 τυγχάνει
1094 1579 1171 1660 πρὸς
1197 1579 1252 1643 τὸν
1276 1580 1424 1661 βασιλέα,

246 1665 348 1753 ὥσπερ
375 1667 453 1750 ipset.
495 1667 566 1732 ΣΩ.
604 1663 652 1732 Οά
672 1691 720 1730 τοι
747 1663 785 1749 dd
809 1663 972 1748 Ἀθηναῖοί
994 1690 1042 1750 γε,
1070 1655 1305 1750 αἰΕὖθάφρυν,
1334 1663 1425 1770 δι’κρν

247 1749 344 1836 αὐτὴν
365 1755 526 1831 καλοῦσιν,
548 1749 627 1816 dilui
648 1746 781 1836 γραφήν.
823 1753 889 1816 EY.
915 1749 957 1814 Τί
977 1748 1053 1838 φῄςς
1085 1753 1117 1814 Γ
1114 1745 1218 1858 ραφήν
1238 1749 1276 1814 σί
1293 1773 1356 1828 τις,
1380 1776 1425 1828 ως

248 1835 340 1917 ἔόικε,
361 1839 539 1922 γέγραπται.
587 1833 633 1900 Οὐ
654 1834 713 1922 γάρ
735 1861 794 1902 που
817 1831 909 1902 ε’κεῖνά
927 1860 962 1946 γε
983 1859 1235 1920 καταγνωσομαι,
1264 1829 1305 1910 ὡς
1326 1831 1368 1900 σά
1390 1860 1424 1920 γε
1493 1883 1494 1892 1

249 1923 358 2008 ἕτερον.
402 1922 473 1986 ΣΩ.
500 1919 546 1988 Οὔ
568 1919 626 2008 γάρ
648 1914 712 1988 οὗν.
756 1923 822 1986 EY.
845 1920 937 1990 Ἀλλα
957 1944 993 1986 σε
1019 1917 1128 2004 ἄλλος,
1170 1919 1240 1984 ΣΩ.
1262 1913 1356 1984 Πάνυ
1380 1946 1425 2004 γε.

247 2009 313 2072 ΕΥ.
338 2005 395 2090 Τίς
416 1995 526 2090 οὗτος,
548 2007 616 2072 ΣΩ.
638 2005 717 2072 Odd'
739 2005 832 2082 αὐτὸς
853 2001 932 2072 πάνυ
952 2031 982 2071 τι
1003 2003 1167 2092 γιγνώσκω,
1190 1994 1215 2070 ὦ
1236 2000 1423 2090 Εὖθάφρον,

247 2093 301 2166 τὸν
329 2089 436 2178 ἄνδρα.
480 2091 562 2168 Νίος
608 2081 647 2174 άρ
676 2117 721 2168 τις
747 2117 801 2174 μοι
830 2091 984 2176 φαίνεται,
1011 2093 1062 2156 καὶ
1089 2085 1203 2165 civois·
1237 2088 1424 2172 ὀνομάζουσι

246 2177 351 2260 μέντοι
379 2171 488 2255 αὐτόν,
520 2173 563 2252 ὡς
584 2115 716 2264 άγρῖμαι,
744 2173 906 2258 Μίλητον·
940 2175 1004 2244 ἔστι
1032 2115 1140 2240 diedo
1161 2175 1260 2258 ὔῆμον
1280 2173 1424 2252 Hordei:

249 2261 280 2328 εἴ
300 2287 368 2326 τινα
395 2263 427 2326 ἓν
454 2265 497 2349 νῷ
526 2259 600 2344 ἔχεις
621 2261 747 2326 Πιτθέα
775 2262 936 2343 Μέλητον,
970 2255 1034 2326 οἷον
1060 2255 1276 2346 τετανότριχα,
1301 2263 1354 2326 καὶ
1385 2261 1422 2326 οὗ

250 2343 331 2412 πάνυ
353 2343 515 2430 εὐγένειον,
539 2347 702 2430 ἐπίγρυπον
724 2345 767 2410 dr'.
797 2353 827 2411 et
847 2367 922 2431 quae
944 2367 1005 2432 seq.
1047 2345 1160 2414 Verum
1181 2347 1253 2412 satis
1277 2369 1425 2434 superque

249 2438 348 2498 notum
370 2437 433 2512 est,
468 2451 553 2516 quam
575 2451 677 2518 parum
698 2430 785 2494 Plato
808 2453 906 2496 curam
933 2440 1095 2522 temporum
1121 2431 1245 2496 rationis
1271 2433 1423 2498 hahuerit:

249 2526 281 2583 ut
301 2515 377 2580 nihil
398 2517 504 2598 obstet,
527 2517 680 2599 quominus
701 2514 783 2579 illam
804 2513 999 2602 litigationem
1019 2515 1167 2601 aliquanto
1189 2515 1257 2581 ante
1279 2518 1425 2583 accidisse

250 2608 420 2668 statuamus.
462 2598 561 2666 Unum
582 2606 678 2664 autem
699 2599 898 2687 fragmentum
920 2609 985 2684 est,
1007 2621 1046 2664 ex
1068 2619 1124 2686 quo
1144 2603 1291 2666 coniicere
1311 2605 1423 2690 possis,

147 2749 152 2759 k
250 2707 308 2775 quo
332 2686 398 2750 fere
418 2691 549 2774 tempore
570 2683 655 2748 docta
676 2684 716 2751 sit
736 2685 854 2752 fabula:
887 2685 1102 2774 Aristophanes
1123 2687 1202 2750 enim
1227 2687 1260 2770 in
1285 2689 1425 2775 parrhasi
1493 2739 1494 2750 ,

252 2771 390 2837 editionis
411 2769 533 2837 alterius
554 2769 701 2852 Nuhinm,
741 2770 792 2836 uhi
814 2772 947 2858 graviter
973 2781 1003 2834 et
1023 2789 1137 2852 severe,
1149 2771 1288 2856 aequales
1310 2781 1425 2860 poetas,

251 2856 361 2922 iniuria
391 2855 449 2943 ipsi
475 2875 536 2918 non
555 2853 649 2934 semel
668 2855 834 2942 praelatos,
855 2856 998 2942 castigat,
1026 2855 1102 2940 quod
1122 2855 1244 2944 frigidis
1266 2864 1296 2922 et
1317 2859 1426 2948 ineptis

253 2941 326 3007 iocis
342 2939 484 3088 pppulum
504 2939 653 3004 delectere
674 2939 827 3022 studeant,
847 2939 922 3004 haec
943 2939 1013 3005 dicit
1032 2959 1062 3006 v.
1082 2936 1161 3004 5382

333 3021 341 3046 ‘
375 3049 390 3104 ς
411 3023 445 3088 δὲ
465 3019 600 3108 σώφρων
620 3024 682 3087 ἐστὶ
705 3021 795 3108 φάσει
815 3022 994 3106 σκέψασθ’·
1015 3021 1082 3106 ἣτις
1103 3029 1211 3110 πρῶτα
1231 3024 1288 3108 μὲν

341 3105 440 3174 Οὐδὲν
460 3101 538 3190 ἦλθε
559 3105 726 3218 ῥαψαμένη
746 3105 887 3174 σκάτινον
907 3107 1098 3190 καθειμένον,

335 3191 488 3303 Ἐρυθρὰν
508 3193 541 3269 ἐξ
562 3191 674 3277 άιιρου,
696 3190 796 3275 παχά,
824 3202 889 3270 τοῖς
909 3196 1042 3268 παιδίοις
1060 3191 1102 3256 ‘lv'
1126 3183 1270 3277 ἦγάλως,

343 3277 423 3342 Ood’
446 3277 568 3360 ἔσκωψε
588 3277 661 3353 τοὺς
682 3275 878 3365 φαλακρούς,
906 3277 979 3345 οὐδὲ
1000 3257 1134 3366 κόρδαχ’
1153 3281 1297 3364 εἵλκυσεν,

343 3362 425 3428 Οὐδὲ
445 3359 619 3450 πρεσβύτης
640 3359 656 3429 ὅ
678 3362 774 3450 λέγων
793 3362 876 3448 τάπη
897 3369 936 3451 τῇ
955 3365 1111 3450 βακτηρία

342 3443 459 3512 Τάπτει
479 3447 533 3512 τὸν
553 3445 696 3534 παρόντ’,
723 3445 743 3512 ά
771 3451 878 3528 oolla»
898 3449 1018 3532 πονηρά
1038 3451 1221 3531 σκώμματα.

255 3531 314 3598 His
335 3533 445 3599 ultimis
467 3533 603 3598 versibus
623 3533 710 3622 tangi
759 3535 868 3625 opolim
885 3536 1001 3601 notavit
1020 3533 1208 3600 Scholiasta:
1229 3529 1271 3610 ὥς
1293 3532 1427 3611 Εὔπολις

257 3619 289 3684 ἓν
313 3625 379 3698 τοῖς
405 3619 645 3703 Προσπαλτίοις.
688 3637 757 3683 nam
784 3639 859 3704 quae
891 3619 967 3684 ahos
995 3618 1163 3684 Scholiasta
1193 3619 1230 3685 de
1263 3619 1426 3709 Hermippo

163 3773 167 3781 ,
257 3703 378 3790 eiusque
399 3710 498 3768 actore
517 3701 703 3769 Simermone
725 3703 811 3786 dicit,
836 3725 874 3768 ea
894 3703 971 3770 male
997 3705 1054 3769 hue
1073 3705 1182 3770 tralata
1203 3711 1280 3770 snut
1324 3705 1428 3770 Senex

256 3789 331 3872 iste,
352 3809 438 3874 quem
458 3789 580 3876 frigidis
602 3789 674 3852 louis
695 3787 844 3854 ludentem
864 3789 936 3854 lecit
955 3796 1058 3878 poeta,
1084 3791 1212 3855 fortasse
1232 3791 1291 3854 fuit
1311 3787 1427 3878 Enthy-

257 3873 380 4024 phronis
398 3879 494 3963 pater.
515 3872 601 3946 Quod
621 3872 649 3938 si
665 3871 882 3964 Aristophanes
903 3871 950 3938 his
971 3873 1107 3940 versibus
1122 3875 1308 3964 Prospaltios
1330 3873 1428 3964 Eupo·
1493 3893 1494 3904 ¹

280 3959 327 4024 dis
348 3959 477 4040 notavit,
497 3975 621 4024 neeesse
642 3963 689 4023 est
708 3959 782 4024 haee
802 3959 903 4024 fabula
924 3963 1000 4024 ante·
1013 3960 1053 4024 sit
1073 3961 1193 4049 scripta,
1215 3978 1300 4046 qoam
1310 3958 1426 4025 Aristo·
1493 3955 1494 3966 ’

258 4041 372 4136 phanes
392 4043 521 4108 Nuhinm
548 4043 714 4132 parabasim
742 4045 955 4110 retractaverit.
986 4045 1219 4134 Aristophanem
1246 4057 1342 4109 autem
1369 4067 1427 4110 uon

259 4127 336 4193 alius
358 4129 507 4212 cuiusdam
528 4133 632 4216 poetae
653 4129 831 4195 comoediam
851 4131 1016 4218 respicere,
1039 4131 1092 4195 sed
1112 4129 1268 4218 Eupolidis
1288 4129 1429 4218 Prospal-

259 4215 334 4295 tios,
360 4215 432 4278 mihi
457 4213 714 4302 persuasissimum
735 4221 794 4278 est:
822 4235 890 4280 nam
912 4213 970 4278 alio
989 4229 1104 4300 quoqne
1129 4215 1297 4287 testimonio
1325 4217 1429 4280 oontir·

262 4304 371 4377 matum
398 4304 444 4364 est
469 4298 594 4382 aliquem
614 4299 647 4362 in
668 4299 724 4362 hae
749 4299 850 4364 fabula
870 4299 989 4388 ineptiis
1016 4307 1046 4364 et
1065 4298 1230 4388 Megaricis
1251 4299 1326 4366 iocis
1346 4323 1429 4367 nsum

264 4403 347 4462 esse3
371 4382 408 4448 ad
428 4379 637 4472 Aristophanis
660 4383 738 4450 enlm
758 4399 863 4449 versus
883 4385 917 4451 in
936 4381 1046 4476 Vespis
1067 4381 1125 4452 Sd:
1173 4467 1175 4472 Ι
1204 4405 1206 4413 ·
