3096 5062
261 336 325 406 aas
639 323 1040 406 uumffluvsmosus
1099 299 1103 308 ’

247 502 368 578 ,suarm
398 499 576 574 Rectissime
595 499 689 600 igitur
749 500 934 582 aromaticus,
955 501 1037 565 cuius
1059 501 1198 588 excerpta
1219 495 1256 563 de
1276 495 1430 564 comoedia

262 595 380 656 servata
401 595 470 652 sunt
490 584 566 674 apud
587 583 728 650 Dmdor.
749 606 779 675 p.
799 584 875 650 XII:
892 583 1102 670 Ἐπίχαρμος,
1123 585 1175 666 ait,
1196 573 1285 658 οὗτος
1306 587 1430 668 πρῶτος

260 671 328 758 τὴν
353 671 556 758 κωμῳδίαν
586 670 799 754 διιρριμμένην
826 665 1082 752 ἀνεκτήσατο,
1116 667 1243 732 πολλὰ
1269 691 1430 752 προσφι-

261 754 509 839 λοτεχνήσας·
538 752 662 839 χρόνοις
693 753 727 818 δέ
753 753 853 840 γέγονε
880 753 959 819 κατὰ
989 753 1046 838 τὴν
1072 747 1115 836 oy'
1141 749 1354 834 Ὀλυμπιάδα,
1387 758 1429 838 τῇ

261 841 296 906 δέ
321 838 438 923 ποιήσει
466 839 653 924 γνωμικδς
678 841 740 902 καὶ
767 835 960 924 εὗρετικὸς
988 841 1050 904 καὶ
1078 835 1310 924 φιλότεχνος.
1353 835 1429 926 Epi-

261 927 395 994 charmus
422 926 529 1075 igitur,
573 947 636 989 cum
666 929 769 1013 suopte
791 925 914 1022 ingenio
936 931 965 988 et
995 923 1144 989 inveniret
1164 929 1194 987 et
1214 924 1335 988 inventa
1356 943 1429 986 con-

133 1051 141 1066 ·
258 1011 440 1078 formareta
486 1009 558 1074 artis
581 1009 735 1096 egregiam
756 1030 900 1110 speciem,
942 1011 985 1074 ita
1005 1015 1037 1072 ut
1056 1008 1089 1072 in
1110 1007 1257 1106 singulari
1278 1006 1428 1095 gravitate

260 1095 378 1162 adesset
408 1093 496 1160 etiam
548 1095 670 1160 uaedam
701 1100 848 1176 suavitas,
879 1100 959 1159 recte
987 1093 1093 1158 dicitur
1119 1092 1277 1160 Aristoteli
1313 1093 1427 1180 primus

257 1177 382 1264 μόθους
402 1188 507 1244 ποιεῖν.
527 1115 616 1268 lpud
637 1177 753 1243 Atticos
775 1199 857 1260 vero,
879 1179 906 1244 si
925 1201 946 1267 a
965 1176 1121 1328 Magnete,
1141 1183 1230 1266 poeta
1250 1177 1427 1263 antiquiore,

259 1265 313 1332 sed
338 1263 430 1354 longe
451 1263 511 1330 illis
537 1263 669 1351 ingeniis
696 1263 856 1346 inferiore,
885 1284 958 1349 quae
985 1285 1020 1328 su
1042 1270 1142 1327 secuta
1167 1269 1252 1343 sunt,
1280 1261 1428 1327 discesse-

258 1349 366 1432 rimus,
397 1347 508 1438 primus
533 1350 661 1414 omnium
685 1346 825 1414 Cratinus
851 1349 920 1414 trita
947 1348 1142 1414 viadeserta
1168 1347 1337 1412 inusitatum
1367 1347 1429 1410 iter

257 1433 413 1521 indagavit
439 1433 582 1520 latiusque
611 1433 793 1521 exspatiatus
821 1439 875 1499 est.
914 1433 1019 1518 Neque
1045 1439 1143 1496 tamen
1169 1431 1211 1498 ita
1238 1431 1361 1496 descivit
1387 1432 1426 1496 ab

259 1519 377 1606 antiquo
404 1539 505 1601 more,
531 1525 564 1582 ut
584 1518 711 1584 animum
752 1539 853 1582 rursus
880 1523 1027 1582 averteret
1047 1518 1143 1582 abiis
1164 1517 1270 1598 rebus,
1296 1538 1371 1602 quae
1391 1515 1427 1580 in

257 1605 337 1670 vitae
372 1603 559 1690 quotidianae
590 1540 801 1668 consuetudine
836 1601 1022 1685 accidebant,
1064 1609 1115 1666 aut
1149 1608 1180 1667 ut
1212 1601 1376 1666 abstineret
1408 1622 1428 1664 a

256 1688 399 1754 maledica
419 1687 471 1753 illa
492 1687 676 1775 singulorum
698 1689 845 1756 bominum
872 1687 1026 1752 irrisione:
1058 1687 1112 1752 sed
1138 1687 1206 1752 dum
1233 1685 1355 1774 singula
1375 1706 1426 1750 se·
1524 1739 1525 1770 ρ

257 1779 352 1838 ctatur
372 1793 519 1858 nunquam
541 1771 723 1839 obliviscitur
743 1772 812 1873 quid
834 1773 873 1836 sit
893 1793 1046 1854 summum,
1066 1793 1168 1838 verum
1189 1792 1304 1836 omnem
1324 1791 1426 1836 rerum
1524 1815 1525 1820 η

257 1865 288 1924 et
304 1857 468 1923 divinarum
490 1865 520 1922 et
538 1859 732 1924 humanarum
753 1857 898 1922 unfiuitam
915 1857 975 1922 vim
997 1865 1086 1942 atque
1105 1853 1216 1946 copiam
1238 1855 1314 2006 apud
1329 1853 1426 1921 Athe-

255 1943 377 2008 nienses
399 1944 496 2009 animo
518 1949 548 2008 et
568 1945 746 2032 cogitatione
768 1941 938 2034 complexus
959 1942 1059 2007 retulit
1079 1941 1251 2006 imitandos
1286 1940 1426 2004 eximiam

255 2027 461 2130 pulcritudinis
488 2029 631 2117 speciem,
658 2050 732 2115 quae
761 2031 854 2117 ipsius
885 2028 982 2094 animo
1009 2028 1237 2107 obversabatur,
1268 2026 1367 2111 itaque
1394 2031 1426 2088 et

254 2112 349 2202 ipsius
375 2112 454 2178 vitae
484 2113 645 2201 imaginem
672 2121 702 2178 et
729 2112 860 2202 effigiem
889 2112 1032 2200 quandam
1054 2112 1187 2176 sublimis
1213 2111 1293 2176 iliius
1314 2109 1425 2200 speciei

255 2198 498 2284 repraesentavit.
527 2197 707 2262 Aristotelea
728 2219 815 2280 vero,
838 2221 902 2262 cum
922 2198 1005 2262 illam
1025 2217 1082 2296 qua
1104 2195 1245 2266 Cratinus
1266 2201 1332 2260 erat
1350 2214 1424 2258 usus
1524 2253 1525 2260 ,

254 2281 488 2346 maledicentiam
514 2290 599 2366 atque
625 2283 795 2364 irrisionem
816 2305 835 2346 a
856 2282 957 2346 divina
984 2289 1056 2346 artus
1082 2283 1181 2370 specie
1208 2280 1334 2346 alienam
1355 2300 1423 2344 esse
1524 2333 1525 2374 ρ

200 2383 205 2392 ·
256 2370 408 2446 censeret,
442 2386 503 2429 non
530 2366 609 2430 bunc
637 2365 810 2455 appellavit,
854 2386 1025 2514 quamquam
1052 2364 1290 2449 ποιητικότατος
1316 2364 1424 2429 dicitur
1524 2403 1525 2414 ι

255 2449 292 2514 ab
315 2449 382 2514 aliis
405 2449 477 2533 (vid.
500 2448 660 2516 Grammat.
683 2451 719 2515 de
741 2449 869 2516 comoed.
891 2473 919 2538 p.

254 2533 382 2602 omnium
402 2535 527 2624 primum
555 2557 606 2599 res
627 2535 677 2599 vel
698 2542 800 2624 suopte
822 2535 944 2623 ingenio
971 2535 1124 2620 invenisse
1145 2535 1194 2600 vel
1216 2559 1233 2600 e
1253 2535 1424 2624 praesentia

253 2618 387 2708 petiisse,
408 2641 482 2704 quae
504 2619 542 2684 ad
553 2619 682 2684 divinam
705 2622 920 2720 perfectamque
942 2621 1014 2684 artis
1035 2621 1162 2708 speciem
1184 2620 1424 2701 conformaverit
1524 2633 1525 2684 ι

253 2704 345 2768 missa
367 2705 485 2790 antiqua
504 2703 558 2768 illa
578 2704 717 2769 laedendi
737 2705 870 2769 licentia:
892 2709 954 2768 τῶν
976 2705 1009 2768 δέ
1025 2702 1172 2790 Ἀθήνῃσι
1187 2701 1315 2789 Κράτης
1337 2709 1426 2789 πρῶ-

253 2812 306 2863 τος
332 2781 419 2874 ἦρξεν
446 2787 597 2874 ἀφέμενος
617 2795 672 2872 τῆς
700 2793 845 2872 ἰαμβικῆς
872 2791 955 2864 ἰδέας
981 2787 1120 2854 καθόλου
1149 2799 1244 2853 ποιεῖν
1271 2785 1421 2874 λόγουςῆ

251 2869 385 2954 μύθους.
448 2874 622 2940 lrrisionem
649 2875 727 2940 enim
760 2874 944 2963 singulorum
977 2873 1125 2940 homiuum
1158 2873 1304 2956 ἲαμβικδγν
1336 2873 1422 2938 ἰδέαν

251 2965 353 3041 vocat,
380 2959 478 3045 itaque
499 2956 676 3024 καθόλου
699 2955 848 3024 Cratetem
870 2960 940 3024 dicit
961 2959 1092 3026 dramata
1114 2960 1328 3060 composuisse,
1350 2980 1421 3024 cou-

251 3041 333 3108 feras
355 3043 433 3130 qnod
458 3043 538 3108 iufra
566 3066 591 3109 c.
612 3045 634 3108 9
660 3065 790 3109 summus
817 3044 1008 3132 philosophus
1030 3043 1115 3128 dicit,
1142 3045 1192 3108 ub1
1213 3045 1249 3109 de
1269 3045 1369 3133 poesis
1392 3051 1422 3108 et

250 3126 393 3194 hisluriae
413 3127 584 3194 discrimine
605 3127 739 3194 disserit:
762 3125 808 3192 ‘H
823 3128 879 3209 μέν
899 3128 958 3214 γὰρ
980 3129 1100 3211 ποίησις
1120 3132 1239 3209 μᾶλλον
1259 3129 1298 3192 τὰ
1320 3124 1421 3193 καθό-

251 3215 320 3294 λου,
341 3208 411 3296 ἧδ’
435 3211 556 3300 ἱστορία
575 3211 616 3276 τό
636 3212 715 3277 καθ’
739 3212 867 3277 ἕκαστον
887 3215 978 3297 λέγει·
1001 3210 1064 3278 ἔστι
1086 3213 1119 3278 δέ
1139 3211 1279 3278 καθόλου
1298 3213 1355 3296 μέν
1375 3219 1423 3297 τῷ

250 3297 330 3362 uolo)
356 3295 396 3360 τὰ
423 3295 488 3361 ποῖ’
513 3293 592 3362 ἄττα
618 3299 779 3380 συμβαίνει
805 3299 898 3384 λέγειν
924 3296 944 3381 ἢ
966 3295 1107 3383 πρόπαν
1133 3297 1213 3363 κατὰ
1237 3297 1273 3364 τό
1300 3297 1420 3378 adsciri)

249 3377 287 3530 qq
307 3359 558 3532 ἕρσργναὲρρὲτρρῖ
577 3380 755 3549 σττίογρρὲξιτοὲι
770 3379 800 3531 'q‘p
826 3386 959 3545 ποέησιςξ
974 3379 1110 3530 όνόματρι
1123 3383 1350 3533 ἔΙέπιὲιθρμέὲνιρ·
1379 3385 1421 3492 τρὶ

250 3541 305 3617 a
325 3555 381 3636 ee
406 3515 571 3639 πολιοὶ
589 3550 651 3637 ιιι,
678 3493 779 3618 ιῖἱιέἒ
797 3492 1035 3637 lesbii?
1055 3491 1260 3636 similavi,
1284 3495 1345 3640 di
1362 3494 1421 3618 tl:

247 3639 354 3718 μῦθον
374 3635 426 3702 διδ
446 3643 509 3703 τῶν
529 3632 667 3716 εἰκότων,
696 3634 777 3704 υότω
802 3579 843 3704 τό
863 3634 994 3720 τυχόντα
1016 3634 1153 3720 όνόματα
1175 3639 1346 3704 ἐπιτιθέασι
1368 3642 1420 3704 καὶ

249 3719 307 3806 erig
327 3717 442 3806 ὥσπερ
455 3721 486 3787 oi
505 3724 685 3804 ἰαμβοποιοδ
706 3724 774 3808 περὶ
794 3727 858 3787 τῶν
877 3721 954 3786 καθ’
979 3723 1108 3788 ἕκαστον
1133 3728 1281 3788 ποιοῦσιν.
1314 3725 1419 3810 quibus

247 3807 350 3876 verbis
378 3803 556 3876 Aristoteles
583 3807 738 3874 verissime
769 3807 983 3892 differentiam,
1029 3831 1084 3874 uae
1112 3809 1259 3895 antiquam
1285 3809 1364 3874 inter
1390 3817 1421 3875 et

248 3892 374 3960 mediam
396 3891 575 3960 comoediam
595 3891 769 3975 intercedit,
791 3893 963 3982 descripsit:
993 3829 1030 3958 ad
1052 3891 1165 3968 mediae
1186 3899 1283 3958 autem
1305 3915 1420 3959 comoe-

249 3975 317 4042 diae
343 3979 490 4044 rationem
515 3999 608 4070 prope
636 3978 751 4044 accedit
770 3975 890 4044 Crates.
931 3978 993 4043 lam
1019 3976 1215 4059 Aristoteles,
1242 3977 1320 4064 quod
1349 3980 1421 4045 dicit

250 4059 402 4128 Cratelem
426 4083 488 4128 uon
515 4061 610 4128 solum
629 4059 771 4144 μόθους,
797 4065 1008 4129 verumetiam
1035 4058 1144 4145 λόγους
1170 4073 1281 4145 ποιεῖν,
1307 4063 1419 4129 indicat

249 4146 333 4214 illum
353 4167 414 4212 non
434 4146 607 4236 simpliciter
627 4147 725 4216 fictam
746 4147 872 4235 aliquam
893 4147 1053 4234 imaginem
1066 4148 1199 4232 (μῦθον)
1216 4150 1418 4237 proposuisse,

249 4252 352 4297 verum
373 4251 447 4319 quae
468 4239 516 4298 est
535 4231 703 4298 comoediae
724 4235 770 4297 vis
797 4237 828 4298 et
857 4236 963 4296 natura
989 4231 1077 4295 etiam
1104 4253 1143 4298 ex
1163 4233 1349 4333 praesentia,
1376 4256 1418 4298 ex

248 4315 419 4404 aequalibus
439 4317 573 4407 petiisse,
593 4337 683 4416 quae,
708 4315 805 4384 uidem
827 4316 865 4384 ad
884 4313 1089 4405 pulcritudinis
1110 4317 1301 4404 neumisque
1322 4326 1417 4384 aeter-

248 4422 316 4468 nam
340 4401 470 4491 spetiem
496 4401 633 4472 rotulas
653 4337 782 4488 (λόγον).
824 4401 926 4488 ltaque
950 4403 1057 4482 μῦθος
1078 4406 1108 4466 et
1128 4401 1217 4486 λόγος
1247 4403 1322 4491 apud
1344 4404 1415 4468 Ari-

970 2449 1031 2532 Π),
1053 2473 1154 2516 verum
1176 2449 1326 2518 Cratetcm
1347 2449 1425 2514 dixit
1524 2519 1525 2528 ρ
