3042 5070
227 313 273 382 10
516 327 531 388 2·
576 311 1017 392 ’θθΜΜΕΝ-ΤΑΤῘΟΝΒΒ
1050 433 1053 444 Ι
1119 335 1122 344 “

227 481 344 548 videtur
365 479 580 558 Grammaticus,
609 481 749 556 Bekkeri
769 483 811 555 T.
838 485 864 553 l.
889 505 919 577 p.
945 485 1020 560 475.
1045 493 1086 560 7:-
1126 490 1401 582 Ἀχρεισγέλως

227 563 440 654 όνδρωπος·
462 569 510 632 ἐπὶ
531 575 595 644 τοῖς
616 564 780 654 ἀχρήστοις
800 573 852 640 καὶ
875 570 921 655 ’μὴ
943 577 1123 656 σπουδαίως
1142 586 1238 664 peto»
1257 587 1308 650 καλ
1327 591 1402 669 χαλ-

226 666 299 740 ρων.
323 650 504 742 sCouipares
526 659 681 742 praeterea
701 653 864 726 Homerum
885 658 941 724 Od.
961 659 1076 732 xvffl.
1099 666 1177 734 tuse
1262 675 1266 682 '
1375 679 1380 686 '

305 736 440 822 Ἀχρεΐον
461 739 490 801 δ’
511 739 684 822 ἐγέλασσεν,
714 737 786 816 ἔπος
807 745 840 808 τ’
861 741 950 828 ἔφατ’
972 744 1005 813 έιι
1027 750 1054 812 τ’
1076 747 1231 832 ὀνόμαζεν.

224 822 407 888 Difficiliura
427 829 512 905 sunt,
549 845 623 909 quae
645 825 871 926 subsequuntur.
914 829 1006 899 Suam
1026 835 1201 936 sapientiam
1241 841 1306 908 uod‘
1320 865 1400 912 com·

224 915 371 976 memorat·
387 905 545 989 Cratinus,
566 930 628 976 nou
649 917 696 976 est
714 913 895 986 mirandum:
921 917 998 986 nihil
1019 941 1096 988 curun
1118 923 1199 992 aliud
1220 861 1291 992 dicit
1311 949 1399 1016 quam

224 993 301 1062 hanc
325 992 456 1060 fabulam
482 993 620 1062 sollerter
646 1002 676 1062 et
702 997 776 1064 scite
806 1021 841 1064 se
868 1003 1103 1090 excogitavisse,
1137 1015 1169 1075 ut
1194 1031 1236 1077 ex
1261 1016 1399 1102 spaciosa

156 1202 159 1214 .
223 1078 945 1239 {thiathaldi}⁰ll⁰t“‘·r„t¹¹l0t²lll
962 1093 1226 1246 third
1246 1101 1399 1252 supp

222 1256 286 1332 tur,
319 1256 437 1349 veteres
464 1251 543 1320 enirn
569 1189 744 1340 longissihae
771 1190 895 1324 aher-ant
923 1196 1039 1330 alpillh
1065 1285 1140 1348 quus
1160 1267 1192 1332 ri
1213 1206 1398 1356 eriuduideui

220 1357 256 1400 se
278 1341 372 1424 cupit,
412 1355 525 1408 avers
550 1343 647 1407 auteur
668 1340 813 1408 modestia
838 1345 978 1410 abhorret
997 1345 1183 1436 longissime.
1231 1353 1296 1420 Iam
1322 1377 1396 1422 vero

218 1418 378 1490 Gratiarum
403 1420 436 1488 in
461 1421 572 1488 fabulis
600 1427 808 1513 componendis
834 1425 866 1494 id
893 1431 979 1496 unice
1006 1436 1189 1520 spectavisse
1216 1441 1293 1524 quod
1314 1449 1397 1508 esset

220 1526 341 1597 verum,
376 1527 416 1574 ue
442 1513 559 1576 uetares
588 1508 703 1594 quidem
728 1511 827 1578 latuit:
859 1522 940 1580 recte
968 1518 1047 1584 eninr
1073 1519 1242 1609 Dionysius
1269 1527 1302 1590 in
1329 1536 1396 1594 arte

218 1589 348 1662 Rhetor;
367 1614 392 1658 c.
416 1592 466 1660 11.
544 1595 656 1702 pexit,
689 1597 758 1682 quid
788 1599 828 1664 sit
855 1599 1020 1668 institutum
1048 1607 1185 1693 antiquae
1207 1613 1394 1680 comoediae:

213 1675 302 1748 Ἠδέ
320 1702 353 1762 γε
374 1608 589 1765 κωμῳδδόιδτι
610 1679 798 1748 πολιτεύεται
820 1685 925 1762 decute
947 1685 1084 1771 δράμασι
1105 1696 1156 1756 κοιλ
1178 1700 1351 1784 φιλοσοφεῖ,
1373 1697 1395 1782 ἢ

217 1769 280 1828 τῶν
301 1765 369 1849 περὶ
390 1761 443 1826 τὸν
464 1766 620 1849 Κρατῖνον
640 1768 691 1829 καὶ
707 1765 933 1854 Ἀριστοφάνην
958 1775 1010 1838 καλ
1030 1773 1184 1858 Eduntur,
1224 1784 1257 1845 σι’
1275 1785 1325 1846 δεῖ
1341 1788 1396 1849 καλ

218 1847 330 1933 tipum
362 1848 581 1938 Aristophanes
609 1857 705 1918 autem
731 1853 810 1920 idem
837 1863 868 1920 et
893 1865 1012 1924 secutus
1040 1882 1158 1951 semper
1185 1873 1282 1932 estet
1302 1891 1394 1960 saepe

217 1936 382 2088 professus.
426 1933 511 2008 Quod
533 1942 629 2002 autem
649 1944 736 2026 poeta
757 1941 909 2029 populum,
933 1945 1016 2010 cuius
1036 1953 1180 2034 perversa
1199 1952 1309 2018 iudicia
1330 1977 1394 2020 mo-

239 2041 256 2088 o
277 2023 308 2088 vi
361 2027 513 2103 efflueret,
536 2023 674 2110 optimum
698 2024 769 2088 dicit
789 2027 958 2094 comoediae
979 2051 1053 2096 suae
1073 2033 1214 2118 iudicem,
1240 2039 1272 2103 id
1292 2041 1392 2128 possis

236 2108 337 2196 rabah?
353 2107 410 2170 ‘ter
431 2107 464 2174 iu
484 2107 590 2174 melsun
610 2115 723 2195 partem
745 2111 889 2198 accipere,
911 2121 944 2177 ut
964 2115 1005 2179 sit
1015 2115 1106 2185 iudex
1117 2140 1227 2220 pravus
1242 2130 1272 2187 et
1281 2125 1393 2214 impro-

215 2129 286 2262 dus:
320 2189 351 2256 al
375 2213 448 2258 veru
469 2200 601 2280 praestat
626 2193 705 2258 haec‘
726 2195 759 2258 iu
787 2196 904 2262 laudum
931 2205 961 2264 et
986 2221 1175 2287 praeconium
1202 2219 1391 2278 convertere.

188 2288 196 2294 ’
215 2275 420 2348 Athenienses
441 2278 535 2358 eninr,
569 2299 740 2364 quamquam
766 2292 880 2346 summa
910 2293 996 2348 crant
1015 2285 1152 2372 levitate,
1188 2300 1219 2356 at
1240 2303 1326 2359 eraut
1346 2303 1390 2361 ta-

214 2386 285 2434 men
305 2384 416 2451 magno
436 2363 554 2450 ingenii
580 2365 730 2448 acumine,
762 2374 847 2432 eraut
867 2368 1037 2457 incorrupto
1059 2380 1090 2437 et
1110 2375 1242 2464 eleganti
1262 2381 1389 2460 iudicio:

215 2451 247 2514 id
269 2447 344 2534 quod
366 2448 468 2512 comici
489 2454 592 2535 poetae
614 2469 704 2537 saepe
726 2472 848 2516 numero
870 2453 1052 2520 collaudant:
1084 2481 1181 2546 neque
1207 2465 1285 2531 euim
1306 2467 1389 2556 ipsus

211 2534 417 2602 Athenienses
445 2533 538 2620 sugit,
553 2569 556 2574 ·
574 2539 756 2622 quantopere
779 2538 935 2624 prudentie
962 2548 992 2604 et
1018 2547 1183 2631 sagacitate
1201 2551 1392 2636 praestarent

211 2619 320 2688 ceteris
354 2619 489 2688 omnihus
517 2617 651 2686 Graecis.
694 2619 860 2692 Ernesto
880 2623 974 2690 hanes
1003 2648 1117 2716 quoque
1145 2633 1178 2696 in
1200 2655 1235 2698 eu
1257 2637 1268 2700 i
1288 2657 1323 2702 so
1344 2639 1389 2702 lo-

210 2727 263 2787 na,
306 2723 363 2790 quo
389 2703 532 2790 graviter
557 2704 785 2772 inconstantiam
810 2645 1004 2778 multitudinis
1036 2717 1242 2804 reprehendit,
1270 2745 1303 2787 an
1323 2725 1388 2788 Nu·

209 2791 297 2862 bibus
318 2811 347 2854 ν.
368 2789 433 2856 520
454 2789 539 2854 dicia
967 2799 968 2802 ’

208 2926 224 2934 ,
300 2871 391 2939 Οὕτω
412 2874 572 2956 νικήσαιμί
589 2876 618 2938 τ’
638 2874 697 2960 έγώ
718 2879 769 2942 καὶ
791 2880 969 2963 νομιζοίμην
989 2881 1096 2970 σοφός,

290 2957 347 3036 Ὡς
367 2955 448 3040 ὑμᾶς
469 2956 637 3043 ἡγούμενος
657 2957 732 3024 εἶναι
754 2964 869 3039 θεατὰς
891 2967 1008 3043 δεξιοὺς

295 3047 361 3110 Καὶ
383 3041 499 3128 ταότην
519 3043 684 3130 σοφώτατ’,
697 3046 774 3128 ἔχειν
795 3055 857 3112 τῶν
878 3051 962 3131 ε’μών
981 3059 1159 3142 κωμῳδιῶν,

293 3168 335 3181 -
378 3165 419 3178 -
461 3168 505 3178 -
547 3133 636 3196 ταῦτ’
658 3124 714 3194 οὖν
734 3128 807 3212 ὑμῖν
826 3135 991 3220 μέμφομαι

298 3220 373 3290 Τοΐς
394 3225 517 3300 σοφοῖς,
539 3205 582 3282 ών
605 3213 700 3283 οὕνεκ’
722 3215 780 3299 έγώ
801 3222 888 3282 ταῦτ’
910 3223 1194 3311 ἐπραγματευόμην.

288 3300 370 3369 {Al-l?
393 3299 459 3364 οὐδ’
482 3298 523 3377 tte
543 3297 625 3381 ὑμᾶς
646 3304 722 3365 ποθ’
739 3300 815 3367 ἑκών
836 3304 989 3389 προδώσω
1009 3311 1082 3387 rude
1104 3311 1229 3392 δεξιοός.

204 3483 224 3530 .“
287 3471 348 3536 Ἔα
369 3467 479 3537 τοότοσ
500 3497 553 3552 μοι
577 3471 669 3536 πιστὰ
690 3476 763 3554 παρ’
785 3471 858 3557 ὑμῖν
878 3474 1000 3562 γνώμης
1021 3479 1090 3546 ’ἔσθ’
1113 3479 1217 3568 ὅρκια·

290 3562 362 3622 Νῦν
384 3549 438 3622 οὖν
452 3557 624 3638 Ἠλέκτραν
644 3561 711 3622 κατ’
734 3562 850 3646 ἐκείνην
867 3560 916 3645 ἥδ’
937 3562 957 3645 ἡ
979 3570 1127 3654 κωμῳδία
1223 3610 1230 3626 ι

290 3645 427 3725 Ζητοδσ’
449 3635 533 3724 ἦλθ’,
555 3643 594 3728 ἦν
614 3643 818 3733 ποσῖπιτόχῃ
842 3653 970 3726 θεαταῖς
993 3650 1073 3717 οότω
1095 3665 1213 3741 σοφοῖς.

203 3730 326 3799 etihid.
354 3749 385 3794 r.
405 3727 485 3794 575:
600 3769 604 3780 ·
711 3770 725 3797 2

204 3861 210 3868 -
280 3807 324 3880 Ὦ
347 3809 523 3899 σοφώτατοι
544 3818 657 3880 θεαταὶ
680 3817 769 3897 δεῦρο
796 3815 850 3882 τὸν
871 3825 944 3884 νοῦν
964 3819 1120 3906 πρόσχετε.

202 3903 317 3969 Eodem
344 3907 429 3989 pactu
461 3899 494 3964 iu
520 3899 618 3966 Raris
639 3925 668 3967 v.
689 3904 762 3968 700.
791 3903 842 3968 uhi
868 3907 1060 3976 vehementer
1089 3912 1122 3975 iu
1150 3909 1380 3980 Atheniensium

201 3988 428 4079 perversitatem
451 3985 618 4051 invehitur:

254 4077 256 4084 '
282 4071 377 4138 Ἀλλὰ
397 4069 567 4154 τῆςώργῆς
588 4071 723 4148 ἀνέντες,
743 4062 769 4136 ὦ
789 4073 966 4157 σοφώτατοι
988 4077 1087 4166 φύσει.

203 4157 266 4226 Sed
286 4179 391 4223 rursus
412 4157 445 4222 iu
467 4157 714 4246 antepirrhemate
734 4179 763 4222 v.
784 4161 862 4228 734:

196 4311 217 4324 .‚
283 4242 377 4322 Ἀλλὰ
398 4245 540 4320 καλοῦν,
563 4233 738 4323 δι’νόητοι,
763 4245 1080 4330 perseuerantia
1100 4243 1242 4338 τρόπους.
1327 4317 1333 4329 ,

199 4327 346 4404 Maxiuds
373 4350 445 4481 ρίιο
471 4327 609 4400 leudibus
634 4325 744 4397 ibidem
773 4331 843 4400 iude
869 4357 888 4404 a
912 4355 941 4400 v.
965 4337 1058 4408 1109.
1079 4337 1308 4407 Atheniensium
1329 4341 1381 4409 iu·-

202 4415 380 4506 geriacum
411 4421 454 4480 at:
498 4473 501 4482 .
