3018 5064
269 321 314 398 4⁸
653 322 1057 396 corutuuusmouus

347 489 435 562 Ἴδεώ
455 490 498 559 θ’
522 488 558 571 ὃς
577 488 740 580 κάρτιστος
760 494 945 577 έπιχδονίοιν
963 485 1002 580 ἦν
1022 495 1155 584 ἀνδρῶν.

268 582 320 646 καί
340 576 523 666 Λυκόφρων
548 579 668 644 ἐπαινεῖ
688 577 744 664 τὴν
762 577 944 665 μετάθεσιν,
976 577 1019 660 ὥς
1040 582 1083 647 δι’
1108 583 1204 669 αὐτῆς
1224 583 1443 673 ἕστηριγμένου

269 671 325 732 τοῦ
347 668 471 748 στίχου·
493 663 529 730 τδ
549 660 620 749 γάρ.

356 751 421 816 Τὸν
443 748 473 813 δ’
497 742 745 831 ἀπαμειβόμενος
765 748 908 836 προσέφη
930 753 1037 837 κρείων
1057 748 1221 836 Διομήδης

268 831 1200 1002 “litviliis”illllli‘ilai'icl‘ffil'iis&leil
1221 835 1388 948 ''iiii“
1410 842 1445 907 ἐν

264 947 445 1088 {gallilea
472 945 664 1086 μετοίδεῖνύί.
705 945 840 1070 lausei
861 1005 978 1070 videtur
1004 948 1145 1073 Cratilrffis
1172 949 1444 1092 illullmlicruoll‘tlllltl3

266 1117 357 1173 μενος
377 1089 519 1190 προσέφη
547 1091 675 1189 maxime
701 1111 737 1154 eo
758 1090 893 1172 nomine,
926 1091 1004 1191 guod
1024 1093 1099 1192 haec
1120 1094 1268 1194 epicorum
1287 1102 1444 1195 poetarum

265 1175 674 1326 tllssltltslllt'llll
687 1175 982 1326 ,lll‘laltllll
999 1199 1281 1353 illiilllllill‘ss
1304 1181 1444 1352 llllt

266 1368 306 1412 ex
326 1345 383 1410 hac
403 1345 470 1433 ipsa
490 1344 593 1409 fabula
613 1343 725 1408 Pollux
746 1345 878 1410 servavit
897 1345 952 1412 lx
974 1346 1032 1412 99:
1349 1361 1354 1372 “

350 1431 544 1493 Πανδιονίδα
565 1425 681 1505 πόλεως
699 1433 828 1510 βασιλεύ

352 1518 419 1597 Τῆς
440 1510 637 1600 ἓριβιύλακος.

264 1605 294 1665 et
313 1600 387 1664 illud
408 1621 447 1664 ex
467 1598 584 1686 Pylaea
604 1596 682 1688 apud
707 1595 830 1664 Suidam
851 1596 893 1664 T.
913 1599 939 1666 Ι.
960 1621 990 1690 p.
1011 1597 1089 1668 146:

348 1683 478 1760 Αύτοδς
499 1685 691 1760 ἐπαίδευσεν,
714 1681 849 1768 ἔθρεψέν
868 1707 902 1748 τε

348 1769 521 1851 Δημοσίοις
538 1765 695 1855 χρήμασιν
716 1770 759 1844 εἷς
778 1765 868 1850 ἥβην,

339 1849 405 1918 Ἵνα
426 1854 503 1920 ποτέ
522 1855 552 1920 οἳ
572 1850 675 1938 λὸιφδν
700 1848 881 1934 ἀμύναιντο.

262 1937 351 2006 Adde
371 1939 440 2004 huic
461 1939 639 2005 simillimum
667 1937 832 2026 exemplum
854 1959 893 2002 ex
915 1935 1096 2004 Chironibus
1109 1937 1210 2030 ⁴(apud
1230 1939 1384 2008 Plutarch.
1405 1945 1441 2009 in

161 2051 164 2058 ·
261 2027 324 2090 vita
343 2025 454 2090 Pericl.
481 2047 507 2091 c.
533 2027 579 2110 3.)
610 2023 661 2088 ubi
687 2045 792 2105 rursus
823 2023 957 2089 Deorum
983 2044 1080 2089 sermo
1107 2025 1146 2090 ad
1172 2025 1298 2094 Homeri
1325 2050 1440 2096 morem

261 2133 317 2176 usu
354 2117 439 2174 etur:

318 2133 463 2269 ΓΡΣτάσις
484 2191 518 2258 δέ
538 2190 598 2279 γὰρ
619 2193 672 2256 καὶ
693 2175 898 2283 πρεσβυύενὴς
917 2187 1042 2278 Χρύὺος
1062 2189 1221 2276 ἀλλήλοισι
1241 2193 1360 2282 μιγέντε
1380 2194 1439 2280 μέ-

771 2301 876 2362 γιστον
896 2279 1030 2343 τίκτετον
1050 2274 1199 2365 τύραννον

338 2360 397 2429 Ὃν
419 2362 458 2447 δὴ
479 2359 724 2448 κεφαληγερέταν
749 2365 818 2428 θεολ
844 2367 1002 2429 καλοῦσιν.

262 2456 292 2516 et
320 2454 477 2538 praeterea
497 2468 648 2536 compares
669 2468 788 2512 versum
809 2449 886 2537 apud
906 2446 1094 2513 Athenaeum
1114 2447 1184 2514 XII.
1205 2470 1234 2538 p.
1254 2449 1328 2517 566.
1349 2449 1406 2516 F.:

355 2535 453 2597 Tauri
475 2531 514 2615 δὴ
544 2536 662 2612 τολμᾶς
682 2531 722 2598 σδ
742 2531 850 2617 λέγειν,
873 2529 1098 2619 ῥοδοδάκτυλος
1120 2525 1208 2598 ούσα.

263 2619 445 2704 Quamquam
470 2638 652 2705 magnopere
679 2625 795 2700 emant,
816 2619 866 2704 qui
886 2618 958 2682 talia
978 2639 1013 2683 eo
1035 2619 1158 2683 consilio
1180 2641 1198 2683 a
1219 2618 1329 2682 comico
1351 2619 1438 2684 adhi·
1504 2625 1505 2635 ’

261 2705 324 2769 bita
345 2725 413 2768 esse
434 2699 625 2784 existimant,
653 2709 686 2766 ut
706 2702 872 2785 Homerus,
891 2703 941 2768 vel
962 2703 1094 2791 tragicus
1116 2703 1221 2789 aliquis
1242 2710 1329 2791 poeta
1350 2711 1438 2768 nota-

262 2799 361 2870 retur,
395 2809 499 2853 verum
520 2787 636 2874 quando
664 2809 714 2852 res
734 2788 817 2853 leves
840 2796 870 2853 ot
889 2788 1018 2854 ludicras
1040 2795 1167 2853 tractant
1192 2789 1309 2870 comici,
1342 2809 1436 2876 saepe
1502 2827 1503 2834 ν

262 2895 399 2940 sermone
427 2873 536 2962 grandi
562 2879 592 2937 et
619 2893 709 2962 supra
731 2895 847 2939 soccum
868 2881 1046 2960 assurgente
1066 2881 1203 2956 utuntur,
1241 2873 1290 2959 qui
1311 2872 1349 2938 ad
1370 2875 1436 2962 epi·
1501 2927 1502 2953 ,

261 2981 362 3025 corum
390 2963 420 3024 et
448 2959 629 3048 tragicorum
655 2958 875 3024 similitudinem
910 2959 1045 3047 proxime
1073 2959 1186 3023 accedit
1216 2964 1247 3022 et
1275 2979 1365 3022 saee
1394 2981 1435 3024 cx

260 3043 378 3110 illorum
406 3045 544 3133 operibns
567 3051 614 3107 est
636 3044 793 3132 repetitus:
835 3045 878 3108 ita
899 3050 1011 3126 autem,
1039 3065 1114 3108 cum¹
1131 3043 1299 3131 argumenti
1324 2979 1433 3108 llevitas

261 3130 409 3217 discrepet
430 3151 448 3192 a
469 3128 615 3192 sermonis
676 3129 800 3210 evitate,
833 3129 936 3193 existit
954 3128 1044 3208 illud,
1076 3128 1153 3214 quod
1179 3128 1281 3194 comici
1301 3129 1434 3194 maxime
1499 3129 1500 3167 l

189 3258 193 3267 -
260 3219 409 3304 spectant,
429 3211 594 3276 ridiculum.
661 3213 689 3278 ic
708 3214 802 3301 igitur
823 3211 963 3279 Cratinus
986 3213 1110 3278 dixerit:
1498 3237 1499 3273 ι

345 3298 491 3362 Χαλκίδα
511 3293 705 3380 κικλήσκουσι
726 3297 810 3376 θεοί,
835 3296 944 3383 ἄνδρες
964 3297 998 3360 δέ
1018 3293 1156 3380 κύβηλιν.
1497 3319 1498 3379 l

259 3381 319 3448 Est
345 3389 442 3447 autem
468 3381 517 3447 hic
543 3402 656 3470 qnoque
676 3405 781 3448 versus
803 3383 841 3448 ad
861 3382 1020 3465 Fugitivas
1041 3381 1217 3448 referendus
1238 3381 1431 3470 tangitnrque
1495 3389 1497 3400 “

258 3469 324 3558 ipse
344 3467 396 3534 ille
417 3467 548 3557 Lampo:
581 3467 709 3534 maxime
734 3475 830 3532 antem
856 3475 974 3534 notatur
994 3467 1121 3532 hominis
1143 3467 1277 3532 avaritia.
1320 3466 1431 3540 Quam-

260 3575 346 3641 quam
368 3552 447 3618 enim
472 3553 603 3618 fortasse
649 3553 772 3641 uispiam
798 3553 932 3618 dubitare
958 3553 1068 3642 possit,
1110 3553 1169 3617 scri
1190 3552 1301 3617 seritne
1328 3550 1431 3618 Crati·

258 3661 316 3704 nus
337 3638 483 3701 Χαλκίδα
504 3660 543 3702 an
564 3574 648 3703 aliul
664 3639 740 3724 quod
760 3639 897 3720 verbum,
932 3645 1031 3704 tamen
1050 3575 1203 3728 probabile
1222 3644 1292 3726 puto
1314 3635 1430 3702 Home·
1494 3649 1495 3697 ι

258 3726 352 3790 sicum
373 3722 545 3800 vocabulum
562 3723 700 3788 acomico
721 3730 808 3812 poeta
829 3729 978 3788 servatum
999 3745 1077 3805 esse,
1099 3730 1131 3787 ut
1140 3723 1282 3812 pecuniae
1302 3722 1430 3787 avidita-
1493 3745 1494 3805 p

258 3816 318 3874 tem
339 3814 464 3874 notaret
508 3806 629 3874 Chalcis
650 3809 745 3890 enim,
777 3807 918 3874 Euboeae
938 3809 1010 3873 urbs
1030 3830 1091 3872 non
1112 3808 1270 3896 ignobilis,
1291 3807 1350 3872 fuit
1370 3808 1428 3872 hoc
1492 3841 1493 3856 ι

256 3895 323 4046 {ppo
349 3893 469 3958 nomine
495 3892 624 3958 famosa:
665 3892 841 3958 Plutarchus
869 3895 1006 3983 proverb.
1036 3894 1140 3979 quibus
1161 3893 1253 3958 Alex.
1282 3893 1330 3956 usi
1357 3900 1429 3957 sunt

358 3978 521 4056 Χαλκίζειν
542 3977 742 4060 (scribendum
762 3979 879 4044 videtur
899 3977 1161 4062 Χαλκιδίζειν)
1182 3979 1231 4042 ἐπὶ
1247 3981 1429 4061 γλισχρευο-
1491 3977 1492 4017 l

255 4062 369 4145 μένων·
390 4063 420 4128 οἱ
440 4063 499 4148 γὰρ
521 4064 552 4128 δν
573 4062 693 4152 Εὐβοίρι
712 4065 878 4140 Χαλκιδεῖς
905 4066 953 4130 ἐπὶ
981 4067 1167 4153 φιλαργυρία
1192 4064 1425 4150 έκωμῳδοῦντο.

257 4147 372 4214 Eodem
402 4148 562 4214 referenda
586 4147 703 4213 videtur
728 4149 815 4214 etiam
841 4150 998 4240 appellatio
1024 4149 1077 4214 illa
1102 4149 1304 4231 meretricum,
1337 4169 1426 4236 quam

257 4239 409 4315 memorat,
429 4234 562 4319 quamvis
583 4255 669 4299 secus
693 4233 913 4324 interpretetur,
932 4233 1069 4300 Eustath.
1090 4234 1129 4300 ad
1153 4234 1192 4299 ll.
1217 4250 1256 4316 φ.
1276 4255 1305 4323 p.
1328 4235 1424 4315 1329,

255 4318 315 4385 31:
356 4319 423 4384 Kal
442 4318 505 4402 μὴν
519 4319 703 4405 Ἀνακρέων
728 4317 784 4403 τὴν
808 4317 954 4404 τοιαύτην
978 4319 1016 4384 οὗ
1044 4315 1124 4383 ποίνυ
1150 4321 1313 4406 σφοδρῶς,
1342 4317 1423 4382 ἀλλὰ

256 4404 512 4492 περιεσκεμμένως
541 4406 712 4472 πανδοσίαν
735 4405 870 4473 ὠνείδισε
895 4406 947 4472 καί
977 4399 1134 4493 λεύφορον
1157 4407 1209 4471 καὶ
1230 4401 1423 4486 πολύυμνον·
