3096 5062
356 341 581 420 nto-Rubro.
603 339 792 410 comune.-
817 339 924 451 AT'l'.
945 341 1092 418 anulo.
1253 343 1317 410 2λὸ

148 511 460 586 aluteeecerncbeut
478 517 509 578 'ut
528 507 605 598 qood
627 509 745 596 legibus
768 507 966 594 institutisque
988 509 1134 598 neglectis
1155 510 1267 580 malitia
1288 518 1318 576 et

147 599 251 668 frende
277 597 426 670 malebant
452 615 538 684 quam
570 593 715 683 probitate
742 593 932 679 honestisque
960 593 1044 659 factis
1072 596 1213 682 consequi
1242 617 1316 682 qnae

6 655 8 696 ³
139 677 273 752 evellente
302 691 333 751 et
358 683 395 746 ob
425 680 456 748 id
477 681 572 770 ipsum
594 677 760 758 Periclem,
786 698 870 763 quem
892 677 941 744 vel
961 679 1123 767 principem
1143 681 1231 746 huius
1253 702 1317 746 cor·

144 769 278 858 ruptelae
306 773 453 832 auctorem
487 786 555 830 esse
585 763 799 843 arbitrabatur,
834 783 940 828 severo
965 767 1091 828 notam:
1134 767 1317 852 maximeque

144 855 282 919 insanam
313 852 400 919 istam
432 848 581 916 iudicandi
613 847 786 928 libidinem,
829 867 904 933 quac
939 855 1008 914 tuuc
1044 849 1173 914 omnium
1210 851 1316 916 civium

146 939 262 1004 animos
283 941 493 1037 occupaverat,
521 934 626 1008 acerbe
646 931 845 1021 perstrinxit·
874 931 1012 1017 Denique
1037 933 1155 999 videtur
1168 933 1317 1000 ¹Cratinus

146 1044 265 1088 causam
291 1041 421 1086 ommum
446 1019 551 1086 horum
564 1017 736 1098 malorum,
768 1038 785 1080 e
812 1037 870 1102 qua
896 1021 1042 1104 tauquam·
1058 1039 1098 1084 ex
1121 1020 1213 1090 -lonte
1243 1021 1318 1089 baec

144 1128 246 1173 rerum
273 1106 439 1172 divinarum
465 1103 714 1187 humanarumque
741 1100 912 1251 depravatio
933 1103 1095 1191 repetenda
1115 1111 1195 1186 erat,
1222 1105 1317 1194 philo-

7 1196 12 1213 '
146 1191 279 1281 sophiam
309 1190 373 1254 dieo
400 1188 482 1254 illius
503 1187 630 1269 saeculi,
661 1187 722 1252 acri
748 1206 815 1250 oro
841 1194 1012 1274 persecutus
1040 1207 1119 1254 esse.
1159 1189 1224 1256 Iam
1243 1211 1317 1256 vero

146 1297 203 1362 quo
236 1276 346 1343 clarius
361 1274 425 1341 ¹sub
452 1273 551 1340 oculos
583 1272 711 1338 omnium
738 1270 858 1336 caderet
886 1271 986 1371 imago
1012 1271 1091 1338 vitae
1121 1273 1255 1362 perditae
1287 1281 1338 1340 et.

147 1360 339 1450 profligatae,
374 1359 508 1424 exhibuit
539 1356 727 1422 simulacrum
753 1355 902 1506 quoddam
934 1364 1030 1438 vrtue,
1070 1377 1155 1442 quam
1188 1361 1317 1426 ποίοισι

146 1452 249 1511 sancte
271 1452 301 1510 et
320 1446 445 1508 honeste
467 1448 603 1530 egerant,
624 1447 656 1506 ut
677 1461 751 1526 aequ
782 1462 816 1506 es
836 1461 898 1506 non
919 1441 1015 1507 solum
1034 1440 1220 1511 intuerentur
1239 1443 1317 1509 hanc

146 1537 289 1616 tanquam
303 1528 465 1616 imaginem
484 1527 638 1608 veritate,
660 1525 823 1592 sedetiam
845 1532 1048 1676 sequerentur.
1099 1571 1103 1580 ·

230 1613 393 1682 Chironum
405 1612 553 1701 choragus
569 1617 627 1692 est,
644 1612 694 1696 qui
708 1609 837 1696 loquitur
856 1609 879 1674 il
892 1632 939 1676 nm
952 1631 1081 1692 vorsum,
1102 1613 1151 1698 qui
1173 1620 1224 1686 esu
1239 1613 1316 1704 apud

144 1713 396 1804 Hephaestionem
417 1734 446 1801 p.
469 1713 524 1776 17:
560 1713 642 1792 Φησὶ
672 1709 705 1774 δὲ
731 1705 954 1796 δ’Ἠλιάδαρος
981 1709 1018 1776 τὸ
1048 1738 1073 1793 μ
1100 1711 1317 1817 ἐκφερόμενος
1434 1741 1438 1744 .

144 1795 260 1888 ἀφώνῳ
281 1790 373 1881 ἦττον
393 1801 456 1861 τῶν
476 1793 578 1860 ἄλλων
598 1791 700 1879 clypcis
720 1793 824 1871 κοινολς
846 1803 942 1862 ποιεῖν
962 1795 995 1860 ἰν
1014 1805 1081 1872 τοῖς
1100 1798 1183 1862 ἔπεσι
1204 1803 1316 1866 πολλα·
1437 1871 1438 1875 ρ
1501 1867 1502 1870 ,

143 1884 212 1966 βάς.
256 1882 321 1948 Διὰ
340 1887 434 1947 τοῦτο
456 1883 507 1944 καὶ
535 1882 690 1965 Κρατῖνος
711 1879 743 1944 ἓν
763 1888 827 1956 τοῖς
847 1881 1001 1966 Χείρωσιι
1021 1882 1181 1964 umam.

229 1967 355 2050 Σκῆψιν
374 1965 431 2046 μὲν
451 1964 603 2048 Χείρωνος
624 1960 785 2046 Ethiopian,
807 1959 849 2040 ὡς
869 1961 1044 2048 ὑποθήκας,

144 2053 213 2118 deul
240 2048 529 2133 τοῦ-ἐληλύθαμεν,
558 2045 632 2134 ὅπερ
653 2049 851 2134 ἓξῆλέγξιιμιν
870 2052 988 2132 ψεῦδος
1009 2048 1053 2115 ὅν.
1095 2049 1190 2116 licea
1208 2049 1315 2118 fluum
1433 2101 1437 2116 ,

143 2139 211 2204 vius
242 2139 275 2202 in
301 2133 477 2203 Exercitatt.
500 2132 588 2200 Critt
615 2155 644 2222 p.
665 2135 709 2200 58
741 2133 821 2199 hunc
847 2155 966 2200 versum
993 2135 1217 2224 interpretatura
1259 2139 1341 2202 Art¹

144 2231 285 2306 spectem
312 2245 372 2285 ποι
401 2220 563 2284 Chia-onec
588 2225 782 2284 αιλσιιιὸιιιιιι
808 2243 845 2284 ec
869 2224 960 2302 stne,
991 2235 1032 2284 ut
1058 2235 1243 2303 praeopta
1262 2255 1314 2286 -.

137 2307 214 2373 ’Νοιι
240 2314 338 2371 tamma
360 2312 440 2370 recte
463 2305 628 2393 suspicatur
653 2303 732 2369 hunc
752 2323 871 2370 versum
897 2328 917 2370 n
938 2305 1066 2387 Solone,
1094 2306 1142 2456 qni
1163 2325 1224 2372 una
1250 2323 1314 2374 eunt

143 2392 284 2458 Dracone
313 2397 343 2455 et
364 2389 519 2456 Clisthene
541 2387 704 2455 Chironum
730 2389 856 2454 formam
877 2389 1077 2472 simulaverit,
1118 2391 1207 2456 ictuum
1233 2413 1314 2458 esse:

141 2477 284 2545 Solonem
306 2481 353 2540 est
378 2480 607 2540 consentaneum
635 2495 690 2539 sua
710 2495 771 2540 nou
792 2475 860 2538 sub⁴
875 2475 974 2540 aliena
995 2477 1093 2566 specie
1114 2476 1253 2541 latentem
1275 2496 1315 2542 ex

124 2563 249 2628 doloris
271 2560 409 2642 rediisse,
430 2581 485 2624 nec
506 2581 561 2624 sua
581 2567 706 2648 sponte,
728 2559 781 2624 sed
802 2561 940 2648 precibus
962 2567 993 2624 et
1013 2561 1166 2626 sacrificiis
1188 2563 1314 2626 resusci·
1399 2561 1402 2568 ’

141 2655 244 2728 tatum,
265 2645 341 2731 quod
362 2650 430 2734 post
450 2644 559 2708 factum
580 2665 648 2708 esse
668 2643 847 2708 videbimus:
869 2645 948 2708 hunc
967 2666 1040 2710 vero
1057 2665 1174 2710 versum
1196 2645 1315 2728 chorus,

142 2733 192 2820 qui
208 2729 370 2798 Chironem
383 2730 525 2816 liguram,
547 2727 853 2813 cultumhabitumque
870 2727 1000 2794 imitatus
1022 2735 1098 2811 erat,
1118 2730 1170 2794 uhi
1188 2731 1315 2818 primum

6 2877 7 2894 ,
141 2817 174 2882 iu
196 2815 378 2882 orchestram
398 2813 512 2901 prodit,
539 2811 699 2912 eloqqitur:
726 2817 883 2900 praecepta
910 2819 1024 2894 autem,
1051 2833 1125 2900 quae
1152 2815 1314 2882 traditurus

6 3071 19 3150 f·
142 3091 260 3151 sumus,
288 3089 344 3154 quo
394 3069 508 3135 rotinus

141 2908 198 2984 est,
220 2907 306 2964 vocat
314 2895 487 2980 ὑποθήκας,
508 2918 672 2997 respiciens
693 2895 960 2967 suneHesiudcum
979 2897 1054 2966 illud
1075 2897 1151 2998 quod
1163 2899 1315 2976 dicebaut

141 3007 270 3051 carmen.
290 2984 354 3048 Iam
366 2989 513 3134 quantum
528 2981 642 3134 qprrdcm
665 2981 713 3046 vel
734 3003 773 3046 ex
794 3003 917 3049 numero
936 2983 1057 3053 heroico
1078 2984 1225 3050 conticere
1245 3005 1314 3074 pos·

558 3067 693 3134 hironum
721 3066 841 3135 chorum
867 3067 911 3132 uti
936 3067 1023 3151 fecit,
1047 3074 1140 3167 poeta
1166 3069 1254 3158 plura
1274 3092 1315 3138 ex

141 3159 260 3242 antiquo
280 3155 338 3218 isto
354 3153 483 3217 carmine
496 3150 534 3216 ad
548 3151 746 3242 praesentiam
762 3153 913 3219 revocavit
927 3159 958 3218 et
969 3174 1024 3218 suo
1045 3153 1179 3223 restituto
1201 3175 1314 3220 necom-

140 3238 280 3320 modarit,
302 3259 358 3324 quo
379 3245 464 3327 pecto
486 3237 573 3302 etium
585 3237 783 3306 Pherecrates
804 3235 983 3304 iu-Chirone
1000 3245 1031 3304 et
1040 3237 1263 3341 Aristophanes
1280 3241 1317 3306 iu’

140 3323 372 3390 Daetalensibus
393 3323 450 3387 hoc
475 3322 572 3412 ipsum
593 3343 711 3392 carmen
734 3333 968 3412 usurpaverunt,
997 3322 1034 3388 de
1054 3323 1112 3391 hoc
1130 3323 1192 3390 rud.
1211 3325 1313 3414 Phry·

140 3410 218 3474 nioh.
240 3408 346 3496 Eclog.
373 3429 402 3497 p.
423 3407 476 3478 91¹
493 3406 541 3480 ed,
563 3405 660 3474 luuh:
694 3404 781 3472 Ἔστι
808 3407 865 3488 μὲν
893 3403 1079 3490 duricordes
1111 3405 1196 3486 ἅπαξ
1226 3410 1312 3497 παρά

136 3490 350 3602 Ἀριστοςράνιι
385 3493 419 3557 ἐν
449 3491 655 3569 Δαιταλεῦσι,
698 3491 840 3570 παίζοντι
865 3491 923 3570 τάς
949 3489 1098 3560 Ἡσιόδου
1128 3490 1311 3579 ὑποθήκας·

140 3581 218 3644 Καὶ
240 3601 418 3644 ιοσιιινον
439 3573 675 3660 dedocendae.
697 3575 734 3644 dc
755 3577 807 3642 illo
828 3576 1014 3662 Athenaeus,
1036 3581 1085 3666 qui
1105 3579 1161 3646 hos
1181 3582 1313 3648 servavit

8 3728 10 3741 ,
139 3685 246 3730 versus
267 3661 352 3732 Vlll.
373 3683 402 3752 p·
424 3661 488 3727 364
508 3661 557 3726 A:
596 3661 670 3726 Ἐπὶ
700 3667 773 3726 νοῦν
805 3659 841 3727 od
868 3659 1077 3746 λαμβάνοντες
1101 3663 1142 3730 τά
1167 3665 1312 3750 εἰρημένα

7 3805 8 3808 ,
139 3745 200 3814 ὑπὸ
231 3752 287 3813 τοῦ
314 3747 368 3812 τὸν
394 3748 537 3833 Χείρωνα
570 3743 783 3830 πεποιηκότος,
818 3745 889 3816 εἷ’τι-
904 3747 1099 3839 Φερεκράτης
1126 3750 1221 3830 ἐστίν,
1254 3749 1312 3820 siis
1354 3794 1358 3800 =

7 3827 8 3906 l
139 3831 320 3916 Νικόμαχος
342 3828 545 3917 ὅρυθμικάς,
566 3830 587 3914 ἢ
609 3829 692 3908 ὅστις
714 3830 843 3914 δήποτε·

225 3919 322 4001 Μηδὲ
341 3913 414 4001 σύγ’
439 3916 538 4004 άνδρα
559 3917 649 4002 φίλον
670 3917 803 3994 καλέσας
824 3917 872 3982 est
894 3887 986 3983 duitor
1007 3913 1137 3982 θάλειαν

7 4069 8 4082 ,
221 4004 337 4085 utpute
360 3999 441 4086 ὁρῶν
461 4001 629 4088 παρεόντα·
651 4001 745 4080 κακὸς
765 4001 824 4088 γάρ
846 3999 924 4089 dude
945 3999 1015 4070 τάδε
1035 4000 1127 4089 ῥέζει·
1279 4075 1283 4082 ¹

7 4123 18 4148 ¹·
147 4148 152 4161 ,
220 4087 314 4154 Ἀλλά
334 4085 411 4170 μάλ’
435 4084 562 4171 νάκηλος
582 4086 695 4172 τέρπου
743 4087 830 4173 pluo,
862 4089 952 4178 τέρπε
971 4087 1002 4154 τ’
1026 4087 1147 4154 ἐκεῖνον.
1195 4125 1198 4132 »

137 4173 214 4242 haec
234 4172 314 4238 enim
339 4171 460 4274 inquom
481 4195 542 4240 uon
563 4173 600 4273 'l'
621 4173 687 4276 ipsq
707 4113 890 4240 dhanene
911 4173 1153 4274 suutprofectu,
1192 4167 1249 4242 ted
1270 4189 1312 4238 ex
1345 4185 1347 4192 '

138 4257 285 4339 Hesiodo,
306 4263 339 4322 ut
358 4257 476 4324 vudetor
496 4279 536 4324 ex
557 4258 604 4324 hrs
625 4278 699 4350 rpem
710 4255 839 4324 Achillis
849 4265 1025 4362 prqeeepbs,
1045 4263 1146 4335 mutum
1165 4255 1314 4336 translata
1447 4267 1449 4272 '

137 4353 169 4414 et
189 4343 257 4413 huic
278 4341 445 4409 comoediae
462 4343 692 4424 accommodatur
714 4344 756 4414 uti
777 4344 866 4413 etiam
886 4367 909 4410 u
930 4365 1047 4426 versus,
1067 4344 1118 4430 qui
1138 4348 1313 4429 sequuntur,

7 4424 11 4478 t
137 4449 309 4517 magnaeo<
329 4437 413 4515 parte
435 4448 474 4492 ex
495 4427 622 4498 Hesiodi
644 4420 1052 4519 operturarumque:
1072 4422 1313 4518 megnltssoelssc

1066 4529 1107 4604 tt
