3052 5060
220 377 288 450 :aa
425 393 430 408 ·
530 443 532 448 ,
604 353 1012 442 cormeurumnuns
1102 359 1109 380 ··

223 567 279 632 qno
292 543 397 612 Latini
416 549 553 610 macule:
574 542 704 623 dixisse
725 541 795 607 hinc
822 542 910 610 etiam
931 547 1094 608 ceterorum
1117 544 1297 608 comicorum
1319 543 1404 608 labn-

222 631 269 696 lne
289 631 457 694 consimiles
478 649 580 695 omncs
602 627 745 716 pluralem
759 649 875 716 praere
888 627 1005 693 lerunt:
1027 627 1244 715 itaPolynelus
1260 631 1406 692 Μουσῶν

220 715 311 798 γονὰς
339 724 368 778 ct
395 711 551 778 Διονύσου
582 711 674 797 γονὰς
707 712 845 801 scripsit,
887 712 1003 780 Araros
1038 721 1133 777 autem
1159 711 1275 788 Πανὸς
1303 711 1406 796 γονάς,

149 883 152 888 Ι
220 799 377 886 Nicopbon
400 797 586 884 Ἀφροδίτης
611 793 718 881 γονάς,
747 806 832 882 atquc
859 796 896 861 ad
923 797 1046 862 eandem
1074 819 1205 862 normam
1235 798 1289 862 alii
1312 798 1405 863 multi.

171 946 173 951 .
220 882 282 948 Sed
312 883 449 948 Platonis
474 879 605 966 ‘Enormi
637 883 679 946 ita
711 888 794 946 actae
827 880 981 963 videntur,
1025 889 1056 946 ut
1088 883 1248 946 choreutac
1287 883 1404 948 dierum

201 968 362 1032 *lectorum
395 976 425 1048 et
452 967 668 1033 solemnitatum
695 967 823 1054 speciem
845 967 989 1052 quandam
1017 965 1233 1030 assimilarent:
1269 967 1405 1032 eiusdem

219 1073 291 1117 roro
319 1055 414 1116 Νῖκαι
445 1052 514 1139 quid
542 1051 742 1152 spectaverint
768 1058 798 1114 et
824 1051 966 1137 quomodo
996 1051 1099 1114 titulus
1130 1052 1170 1114 sit
1195 1051 1404 1140 expediendus

216 1137 344 1224 ignoro,
374 1159 468 1222 neque
500 1135 594 1202 ausum
627 1135 664 1199 de
690 1136 806 1200 ratione
831 1135 959 1200 nominis
986 1135 1068 1199 illius
1096 1136 1285 1216 comoediae,
1330 1157 1404 1222 quae

219 1225 332 1286 Σκευαὶ
364 1221 556 1303 inscribitur,
589 1221 785 1284 coniecturam
820 1242 874 1309 pro
895 1242 1003 1301 onere,
1039 1241 1213 1305 quamquam
1247 1221 1404 1308 probabile

220 1313 275 1385 est,
297 1329 336 1370 ne
357 1307 459 1370 harum
477 1307 592 1405 quidem
613 1305 830 1370 comoediarum
851 1243 1004 1370 admodum
1022 1305 1170 1394 disparem
1191 1305 1291 1370 luisse
1313 1307 1403 1370 raho·

146 1470 149 1478 .
219 1414 296 1456 nem.
339 1385 507 1456 Philonidis
530 1395 625 1454 autem
647 1388 807 1471 Κόθορνοι
830 1389 968 1478 appellati
996 1398 1105 1454 sunta
1132 1391 1224 1454 choro
1252 1391 1402 1455 bominum

188 1525 191 1542 i
219 1475 436 1541 levissimorum
466 1483 498 1540 et
525 1475 790 1556 astutissimorum,
817 1494 889 1559 quos
917 1473 1101 1554 'l'herameni
1127 1474 1244 1539 similes
1272 1476 1402 1539 finxerat

239 1570 319 1625 oeta:
342 1559 562 1625 Theramenem
576 1565 671 1623 autem
689 1555 841 1642 κόθορνον
854 1557 1029 1705 appellatum
1041 1577 1109 1622 esse
1131 1559 1222 1622 tradit
1233 1557 1403 1648 Xenophon

252 1643 340 1712 ellum
361 1645 432 1710 ll.3
455 1641 630 1710 melida
651 1639 690 1726 δή
711 1668 771 1706 που
793 1647 845 1706 καὶ
867 1668 884 1705 κ
904 1648 1018 1726 θορνος
1040 1644 1243 1706 ἐπικαλεῖται·
1269 1648 1321 1706 :cul
1344 1643 1402 1728 γὰρ

219 1727 237 1794 ὃ
257 1726 409 1812 κόθορνος
430 1695 592 1811 decederem
616 1728 757 1808 quivena
780 1729 871 1791 uncle
886 1727 1080 1812 ,ἀμφοτίροις
1102 1731 1204 1803 δοκεῖ,
1231 1727 1401 1808 ἀποβλέπει

219 1813 252 1886 d'
285 1814 334 1880 ἐπ’
363 1811 551 1898 ἀμφότερον.
594 1822 659 1878 erat
685 1814 767 1877 enim
796 1834 859 1878 mos
892 1819 923 1878 et
949 1813 1128 1882 consuetudo
1155 1809 1401 1894 Atheniensium,

219 1909 252 1966 ut
272 1901 425 1989 ingenium
446 1919 600 1984 nuncusque
628 1899 776 1963 bominum
803 1896 902 1987 lepida
923 1898 1021 1983 aliqua
1042 1905 1073 1961 et
1093 1905 1178 1960 acuta
1201 1900 1400 1990 appellatione

125 2039 128 2044 .
218 1993 365 2050 notarent.
407 1983 553 2050 Fortasse
584 1991 681 2048 autem
714 1985 871 2048 choreutae
898 1983 944 2047 illi
976 1982 1127 2048 cothurnis
1159 1984 1339 2066 utebantur,
1370 1991 1401 2047 ut

217 2071 267 2136 uel
279 2081 404 2136 externa
424 2069 698 2158 specieingenium
715 2074 745 2133 et
766 2089 863 2132 mores
885 2067 1059 2156 proderent:
1082 2075 1112 2132 et
1132 2068 1168 2132 ad
1188 2077 1332 2134 versutos
1346 2069 1398 2133 bos

219 2165 251 2234 et
270 2155 392 2219 callidos
419 2153 554 2218 homines
581 2153 756 2217 referendus
780 2159 827 2218 est
852 2152 904 2217 ille
931 2173 1054 2234 versus,
1085 2173 1172 2240 quem
1193 2174 1241 2218 ex*
1258 2153 1315 2219 bac
1335 2154 1399 2243 ipsa

218 2240 319 2305 [abula
345 2239 477 2302 servavit
496 2237 608 2302 Pollux
628 2237 683 2303 IX.
703 2239 746 2302 99
767 2244 798 2302 et
816 2236 856 2302 X.
877 2239 957 2302 2022
1351 2264 1383 2297 n

303 2325 459 2406 Παναγεῖς
479 2321 596 2404 perede,
618 2325 850 2400 noornrrlniunr,
873 2325 1043 2406 Μεγαρεῖς,
1066 2322 1174 2397 δειλοί,
1196 2292 1396 2405 narpnhoial.
1500 2375 1501 2398 ,

218 2409 264 2472 lta
286 2409 364 2472 enim
386 2407 515 2494 corrigo.
557 2407 659 2492 ltaque
685 2407 759 2472 illud
787 2427 895 2472 censeo
920 2407 1077 2496 plerasque
1106 2409 1294 2491 comoedias,
1325 2429 1396 2494 qnae
1500 2421 1501 2448 ³

217 2491 696 2643 tlltlhlltllttltt3⁰
715 2492 890 2642 litha
908 2491 1395 2667 chaltenhach

683 2625 693 2657 c
896 2625 907 2659 s
1386 2621 1394 2640 ·

218 2663 287 2728 nolo
317 2667 413 2726 autem
439 2659 576 2749 singulas
609 2661 722 2726 orando
750 2683 942 2751 percensere:
977 2669 1063 2748 atque
1096 2663 1133 2726 de
1158 2663 1314 2728 nonnullis
1337 2665 1394 2727 iam
1499 2705 1500 2708 κ

218 2748 395 2836 disputatum
418 2753 464 2812 est
484 2755 523 2814 et
535 2747 648 2811 dicetur
669 2746 750 2810 infra
771 2767 827 2833 quo
847 2769 894 2813 ue.
942 2745 1004 2811 lam
1027 2747 1114 2812 huius
1136 2747 1256 2832 quidem
1277 2747 1393 2814 fabulae

218 2830 379 2900 Cratineae
404 2831 538 2896 instituta
565 2832 713 2897 sententia
739 2832 771 2895 in
798 2767 882 2898 nulla
906 2839 1044 2896 versatur
1065 2831 1258 2904 dubitatione.
1301 2832 1393 2898 Athe·

217 2917 365 2982 niensium
387 2917 491 2980 civitas
503 2937 577 2980 cum
598 2917 656 2980 iam
668 2917 881 3002 antiquissimis
897 2917 1077 3006 temporibus
1099 2917 1263 2983 domestica
1284 2919 1393 2983 discor·

217 3003 268 3067 dia
293 3001 380 3066 valde
409 3007 491 3066 esset
520 3003 632 3088 agitata
658 3009 688 3065 et
713 3003 904 3090 perturbata,
929 3001 1048 3067 tandem
1075 3001 1183 3082 Solon,
1220 3005 1269 3067 vir
1294 3003 1391 3068 divino

217 3087 358 3176 iugenio,
384 3083 446 3150 rem
468 3085 612 3184 publicam
634 3106 747 3150 summa
768 3094 799 3152 ct
819 3087 965 3175 sapientia
990 3097 1020 3152 ct
1040 3087 1242 3158 moderatione
1263 3089 1305 3152 ita
1327 3107 1392 3151 con·

218 3173 327 3252 stituit,
354 3175 388 3232 ut
415 3169 564 3234 fastidium
586 3176 616 3232 et
634 3171 774 3257 superbia
801 3192 902 3236 eertum
928 3171 1123 3253 familiarum,
1151 3193 1227 3258 quae
1249 3178 1391 3237 vetustate

218 3263 249 3322 et
275 3253 389 3321 divitiis
408 3253 535 3318 maxime
556 3253 720 3342 pollebant,
746 3255 810 3320 suis
838 3256 1078 3346 comprimeretur
1104 3254 1300 3322 determinata
1325 3255 1390 3321 fini«

217 3341 293 3421 bus,
319 3337 418 3430 populi
440 3345 536 3402 autem
557 3338 709 3403 multitudo
731 3361 750 3404 a
771 3341 912 3405 servitute
934 3350 965 3405 et
986 3341 1182 3406 dominatione
1204 3343 1389 3407 liberaretur.

218 3423 462 3516 Sapientissimas
493 3429 588 3487 autem
615 3423 700 3512 leges
731 3425 812 3490 dedit
837 3425 1090 3507 Atheniensibus,
1118 3437 1150 3490 ut
1178 3435 1208 3491 et
1237 3427 1388 3516 optimates

218 3517 250 3576 et
269 3509 395 3610 populus
415 3527 497 3572 suum
512 3508 559 3574 ius
580 3515 726 3591 tenerem,
748 3517 833 3594 atque
855 3511 1060 3596 aequabilitate
1071 3512 1144 3576 iuris
1159 3513 1317 3582 consdtuta
1329 3531 1388 3575 om·
1497 3567 1498 3596 ,

218 3595 266 3660 uis
288 3595 394 3660 civium
425 3594 550 3682 societas
572 3594 741 3660 firmissimo
770 3595 885 3660 vinculo
908 3597 1062 3660 coniuncta
1084 3607 1172 3662 esset.
1213 3596 1250 3662 ln
1272 3597 1386 3684 legibus

140 3687 144 3694 ’
219 3687 315 3747 cutem
337 3677 579 3764 serendisaatque
599 3679 753 3761 institutis,
775 3681 879 3766 quibus
901 3703 963 3745 rem
985 3681 1129 3770 publicam
1152 3681 1295 3762 lbnuavit,
1316 3674 1386 3746 illud

219 3765 348 3832 maxime
367 3761 527 3852 spectarit,
550 3771 582 3827 ut
602 3765 719 3830 virtutis
740 3766 961 3850 honestatisque
982 3788 1065 3832 amor
1084 3767 1253 3855 patriaeque
1281 3765 1385 3830 caritas

218 3851 257 3942 in
271 3850 399 3916 omnium
421 3849 527 3914 animis
549 3849 708 3915 altissimas
736 3859 841 3938 ageret
861 3851 993 3916 radices:
1021 3853 1118 3938 itaque
1135 3852 1278 4001 opulenti
1290 3856 1321 3920 ct
1341 3867 1386 3912 cn·

218 3935 295 4025 piosi
317 3933 465 4020 nobilique
510 3955 600 3998 enere
620 3936 691 4016 orti,
714 3937 849 4022 quonium
870 3931 959 4000 etiam
979 3946 1048 4001 tuuc
1068 3957 1156 4002 serva
1176 3944 1227 4001 ant
1248 3935 1385 4000 maiorum

144 4031 148 4040 '
218 4019 355 4100 uirtutes,
375 3954 604 4084 moderabantur
622 4019 717 4108 plebis
737 4021 929 4086 temeritatem
952 4029 982 4086 et
1002 4021 1157 4086 licentiam.
1184 4020 1278 4086 Solon
1297 4018 1386 4106 igitur

219 4104 437 4195 sapientissime
456 4104 682 4170 incolumitatem
703 4107 882 4196 reipublicae
902 4105 1060 4187 stabilivit,
1088 4127 1153 4172 cum
1173 4127 1269 4190 neque
1288 4105 1385 4188 legum

123 4191 132 4210 “
220 4189 305 4292 quati
325 4188 510 4254 claustro·in
536 4190 605 4254 onie
629 4191 736 4256 civium
764 4193 900 4280 cingeret
920 4199 971 4256 aut
990 4191 1171 4272 retardaret,
1202 4209 1297 4274 neque
1316 4199 1385 4248 uero

219 4273 357 4348 boeotiae
386 4280 436 4341 aut
463 4211 579 4340 libidini
605 4275 700 4342 locum
731 4278 923 4359 concederet,
953 4276 1006 4340 sed
1034 4277 1161 4342 medinm
1188 4273 1332 4362 quoddam
1358 4270 1387 4330 ei

219 4366 413 4450 &illiteratum
432 4359 592 4459 imperium
606 4362 807 4446 consumeret,
828 4363 861 4428 ln
880 4381 938 4450 quo
959 4381 1061 4426 omncs
1072 4367 1288 4462 suumqtatum
1305 4361 1387 4438 atque

221 4445 321 4512 lusu
342 4448 512 4561 abaco,
553 4445 731 4534 nonne
770 4447 887 4518 amm
900 4508 906 4520 ,
920 4443 1043 4514 naama
1068 4445 1262 4516 amcam
1307 4435 1387 4510 aaa
