3052 5060
228 316 292 388 too
587 350 591 360 ·
614 295 1021 382 confflndnn‘rlonns

229 488 452 564 montmoret,
472 487 506 550 ut
530 479 608 546 dieat
626 479 710 546 illum
730 499 798 546 oum
817 477 948 544 'l'halete
969 479 1110 568 wninngi
1150 500 1234 562 osse,
1254 479 1308 548 sed
1329 482 1403 549 suh·

229 569 336 640 tilitate
357 575 387 632 et
406 569 539 632 ubertate
559 565 675 653 ingenii
695 564 787 652 longe
807 565 981 630 inferiorem
1002 585 1085 630 esse:
1106 561 1121 590 ‘⁴
1134 589 1243 630 ππιονα
1263 564 1320 644 μὲν
1338 565 1401 650 γὰρ

227 651 285 718 oda
306 649 345 716 ιίν
363 673 411 728 τις
436 647 571 728 ἀξιώσειε
597 655 699 726 &pirou
716 649 798 731 -μιτδι
817 645 951 729 τούτων,
982 648 1034 713 διὰ
1055 647 1111 732 τὴν
1131 649 1281 715 εὐτέλειαν
1302 648 1402 714 αὐτοῦ

226 743 284 815 τῆς
303 738 449 814 διανοίας.
491 737 593 822 Negat
617 736 711 824 igitur
737 733 923 824 Hipponem,
956 735 1088 822 quamvis
1121 735 1240 800 ascedat
1265 736 1404 823 proxime

228 823 267 888 ud
286 824 430 888 rationem
452 821 607 904 Thaletis,
634 819 768 910 componi
789 842 853 885 cunr
874 819 926 885 illo
947 841 1054 920 possa,
1083 820 1219 906 quonium
1240 821 1403 886 subtilitate

90 943 95 960 ·
228 929 351 996 prorsus
376 907 531 974 destitutus
552 907 606 974 sits
634 907 704 973 hinc
724 903 849 971 eundem
870 905 908 972 de
935 926 1034 970 anima
1053 905 1078 970 Ι.
1099 908 1120 970 2
1146 905 1226 970 inter
1246 929 1405 991 φορτικω-

228 992 336 1078 πίροος
361 991 551 1081 philosophos
581 991 683 1058 refert
724 991 794 1054 Non
822 992 901 1056 eninr
926 997 1084 1080 propterea
1109 991 1186 1076 quod
1217 990 1404 1059 ineundum

229 1085 353 1146 aetatem
374 1077 492 1148 Thalos
513 1083 544 1140 et
564 1075 663 1164 llippo
684 1075 830 1157 incidant,
857 1097 917 1139 una
937 1075 1107 1163 plerumque
1128 1082 1403 1158 commemorantur,

228 1185 331 1228 verum
371 1169 471 1251 ropter
491 1161 641 1232 doetrinae
662 1159 881 1226 similitudinem
945 1180 981 1224 uo
1004 1169 1088 1250 paeto
1110 1161 1197 1224 etiarn
1220 1161 1256 1224 de
1277 1159 1405 1226 Anaxa-

230 1269 306 1336 gora
356 1247 413 1312 rxit
445 1245 621 1312 lleraolidos
648 1245 737 1309 Pont.
763 1243 902 1334 Allegor.
924 1180 1053 1310 llomer.
1086 1267 1116 1334 p.
1142 1246 1186 1312 76
1217 1245 1263 1310 ed.
1293 1243 1404 1311 Schov.

225 1331 310 1396 'All'
335 1327 351 1396 t
367 1329 575 1411 Κλαζομένιος
583 1327 789 1415 Ἀναξαγόρας
805 1328 885 1394 κατὰ
906 1329 1052 1412 διαδοχὴν
1072 1326 1223 1416 γνώριμος
1243 1327 1287 1394 ὢν
1299 1327 1406 1414 Θάλη-

229 1443 291 1494 τος,
318 1414 469 1495 συνίζιυξε
489 1421 534 1502 τῷ
554 1411 645 1480 sidau
667 1411 807 1496 δεύτερον
827 1423 975 1496 στοιχεῖον
994 1414 1051 1495 τὴν
1075 1421 1141 1498 γῆν.
1185 1414 1285 1504 Hippo
1307 1421 1407 1482 eutem

231 1523 402 1588 quamquam
424 1507 520 1568 aetate
541 1501 577 1565 ah
590 1500 711 1583 Ionicis,
733 1501 958 1586 quaerantur,
978 1499 1163 1590 philosophis
1184 1499 1242 1564 fuit
1262 1509 1406 1583 remotes,

231 1588 258 1651 si
279 1586 394 1671 quidem
417 1585 534 1651 Cratini
554 1592 685 1684 tempore
706 1585 783 1650 vixit
803 1583 949 1667 Athenis,
975 1593 1074 1650 tanren
1095 1585 1213 1650 videtur
1231 1585 1352 1651 illorunr
1373 1587 1410 1650 in·

230 1670 464 1768 philosophando
485 1670 629 1736 rationem
651 1692 686 1734 ae
707 1670 892 1758 disciplinam
914 1691 982 1735 esse
1009 1677 1143 1752 secutus,
1174 1670 1217 1738 ita
1242 1677 1275 1734 ut
1294 1671 1407 1760 prinei-

251 1759 310 1820 iuru
342 1757 470 1822 omnium
495 1777 595 1820 rerum
626 1761 775 1844 repeteret
801 1755 838 1820 ah
874 1755 931 1840 iis,
971 1775 1046 1842 quae
1075 1756 1129 1822 suh
1156 1755 1256 1822 oeulos
1287 1755 1407 1826 odunt.

231 1779 392 1908 llumidnm
418 1847 515 1906 autem
543 1841 645 1908 statuit
669 1840 844 1930 principium
870 1861 954 1922 esse,
996 1847 1030 1904 nt
1055 1840 1145 1905 tradit
1165 1840 1342 1906 Alexander
1368 1841 1408 1908 ad

231 1925 358 1992 Aristot.
375 1924 547 2020 Metaphys.
569 1925 590 1990 l.
607 1925 628 1991 l.
641 1922 779 1990 ‘lunone
800 1925 977 2009 ίστοροῦσιν
1004 1923 1103 2008 ἀρχὴν
1124 1919 1229 2002 ἅπλῶς
1254 1926 1289 1990 τὸ
1311 1923 1408 2012 ὖγρδν

231 2011 414 2096 ἀδιορίστως
432 2007 622 2090 ὑποθέσθαι,
645 2010 682 2076 οδ
696 2006 935 2098 διασαφήσαντα
956 2005 1084 2096 πότερον
1103 2007 1199 2095 ὕδωρ,
1221 2006 1263 2087 ὡς
1288 2012 1407 2094 Θαλῆς,

232 2095 351 2180 ἣιίηρ,
379 2093 423 2172 ὡς
438 2095 634 2178 Ἀναξιμίνης
661 2098 712 2160 καί
733 2096 899 2180 Διογίνης·
929 2095 978 2160 διδ
1005 2099 1056 2160 καί
1086 2105 1279 2178 παραιτεῖται
1308 2095 1407 2162 αὐτοῦ
1494 2177 1497 2182 1

231 2176 1140 2352 δηίοιζιίιίιιιιιιιίέιιίιιηινιί
1153 2177 1407 2349 illuto

1129 2314 1139 2345 δ

233 2349 435 2416 lacessituri
457 2355 512 2432 τῆς
534 2347 638 2436 δόξης)
662 2348 734 2414 ἀλλ’
759 2347 802 2426 ὡς
823 2349 883 2416 oda·
900 2349 1062 2437 ὀφείλοντα
1084 2353 1117 2416 δν
1136 2360 1201 2427 τοῖς
1222 2349 1409 2442 φιλοσόφοις
1518 2401 1519 2424 ι

233 2437 532 2520 ἒγκαταριδμιῖσδοιι
553 2435 604 2499 διδι
625 2433 683 2520 τὴν
710 2439 765 2518 τῆς
786 2436 924 2512 διανοίας
945 2434 1110 2502 εὐτέλειαν·
1153 2435 1206 2500 διὰ
1231 2435 1291 2522 γὰρ
1313 2443 1408 2507 τοῦτο
1518 2441 1519 2500 l

234 2519 296 2586 εἶπε
321 2521 357 2586 sd
376 2519 469 2604 μετὰ
495 2517 661 2598 τούτων,
692 2519 787 2604 λέγων
812 2525 874 2585 τῶν
901 2518 1091 2608 φιλοσόφων.
1133 2520 1203 2591 Huc
1228 2523 1306 2588 adde
1328 2515 1408 2593 Sim·

233 2606 302 2698 plia.
336 2606 373 2672 od
414 2607 503 2699 phys
543 2608 586 2672 (it
631 2603 750 2694 ’Ὠσπερ
786 2605 893 2690 Θαλῆς
925 2641 966 2658 ·-
1001 2609 1052 2670 eat
1086 2605 1214 2684 Ὶππων,
1257 2605 1291 2684 ὃς
1325 2611 1414 2678 osset

234 2694 286 2758 καί
310 2689 405 2767 ι’ίδεος
432 2692 599 2778 γεγονέναι,
640 2688 726 2777 ὕδωρ
757 2690 858 2777 ἔλεγον
890 2689 948 2775 τὴν
974 2687 1083 2775 ἀρχήν.
1127 2691 1168 2757 Et
1199 2693 1271 2759 ibid.
1301 2715 1332 2782 p.
1365 2697 1409 2761 82

234 2777 282 2844 A:
324 2774 448 2854 Πάντες
472 2775 532 2872 ηδρ
557 2774 733 2858 σωματικόν
764 2803 794 2841 τι
824 2777 859 2843 τὸ
890 2773 924 2840 ‘do
952 2772 1150 2842 ὕποτίδεισαι
1177 2783 1290 2842 τοῦτο·
1334 2777 1406 2844 ἀλλ’

237 2863 266 2928 oi
285 2863 341 2944 μὲν
362 2864 393 2928 l'n
413 2887 443 2928 τι
469 2869 531 2928 τῶν
559 2869 653 2947 τριῶν
673 2864 844 2945 στοιχείων·
887 2860 988 2950 ὥσπερ
1007 2863 1121 2946 Θαλῆς
1142 2862 1201 2980 pin
1226 2865 1277 2927 καί
1292 2859 1410 2930 Ἵππων

234 2947 271 3013 τδ
297 2947 393 3031 ὕδωρ.
415 2947 517 3019 ¹,Idem
548 2949 585 3019 ad
606 2948 732 3014 Aristot.
760 2949 796 3014 de
818 2947 911 3015 Coelo
959 2949 1052 3014 .1⁴8
1072 2948 1117 3014 Αι
1150 2951 1245 3012 Ησαν
1271 2949 1309 3013 δί
1331 2974 1411 3028 τινες

236 3033 265 3098 oi
291 3028 324 3096 ‘dr
350 3033 485 3118 λέγοντες
508 3035 616 3118 Θαλῆς
641 3033 697 3114 μὲν
725 3035 774 3096 καί
796 3031 912 3098 Ἵππων
936 2971 1037 3115 idaeo,
1074 3033 1270 3118 Ἀναξιμένης
1296 3034 1331 3099 δὲ
1344 3039 1410 3100 'sol

235 3118 385 3200 Διογίνης
405 3117 493 3198 ἀέρα.
535 3117 628 3182 Errat
652 3139 725 3183 vero
745 3119 873 3183 loannes
895 3119 1048 3184 Diaconos
1064 3118 1207 3207 Allegor.
1234 3120 1266 3184 in
1282 3119 1410 3186 Hesiodi

236 3202 359 3310 Theop.
380 3224 408 3291 p.
429 3202 494 3269 456
514 3202 560 3267 ed.
583 3201 685 3268 Gaisl:
722 3201 762 3267 ‘O
781 3203 839 3284 μὲν
858 3203 894 3268 sd
915 3210 976 3288 πῢρ
997 3205 1095 3279 τιθείς
1120 3205 1411 3292 πρεσβυγενίστερον

236 3293 299 3352 τῶν
319 3292 435 3364 αλλων,
462 3283 568 3364 ὁποῖος
582 3283 797 3370 Ἡράκλειτος,
824 3283 841 3352 h
863 3287 897 3353 dd
921 3288 977 3368 τὴν
997 3293 1054 3372 γῆν
1075 3284 1094 3353 o‘
1101 3313 1117 3364 ς
1130 3285 1247 3356 Ἵππιον
1268 3287 1285 3356 d
1304 3289 1411 3368 ἄθεος.

238 3371 364 3438 Secutus
385 3373 478 3460 igitur
499 3380 546 3438 est
566 3373 710 3438 rationem
732 3373 902 3448 aThaletis
923 3373 1152 3462 disciplinanon
1174 3375 1328 3440 admodnin
1349 3377 1411 3442 dle*
1516 3429 1517 3450 2

238 3479 288 3522 ere
308 3464 421 3526 antem:
463 3458 590 3524 inullis
618 3479 690 3526 voro
717 3457 855 3524 disoessit
887 3459 924 3524 ah
951 3459 1003 3524 illo
1035 3465 1066 3524 et
1090 3460 1285 3548 posteriorum
1311 3461 1410 3550 potius

237 3478 478 3633 philosophorum
502 3543 618 3632 placitis
648 3565 720 3608 usus
750 3565 818 3610 esse
844 3544 979 3610 uidetorr
1022 3565 1160 3630 quorsum
1223 3553 1300 3612 estut
1324 3547 1410 3630 illud,

239 3629 315 3715 qnod
337 3649 377 3692 ex
397 3628 516 3693 humido
537 3629 655 3718 repetiit
674 3630 792 3716 ignem,
824 3651 909 3716 quern
930 3631 1184 3778 progeneravisse
1203 3567 1288 3698 iuno
1313 3632 1411 3720 ipsum

145 3739 149 3748 ·
239 3715 393 3791 mundum3
420 3713 480 3778 vid.
502 3713 627 3802 Origen.
647 3713 821 3806 Philosoph.
844 3715 900 3780 16:
920 3711 935 3740 ‘¹
949 3740 1036 3782 ππων
1057 3716 1091 3780 δὲ
1112 3712 1129 3780 ὃ
1146 3713 1282 3800 Ῥηγῖνος
1308 3716 1408 3803 διρχδς

239 3797 300 3949 tu
321 3797 445 3963 tot
468 3796 687 3950 ‘tto-u
708 3798 842 3950 tut
855 3797 1215 3950 τἰ.οἳιιιιίιιι
1237 3801 1415 3953 tto

239 3995 272 4035 τε
298 3969 355 4040 τὸν
380 3931 507 4048 stodor.
549 3909 630 4036 Hirri
657 3911 789 4044 breviter
814 3911 1118 4060 Serituilliupirlcus
1144 3911 1235 4049 tiadi't
1259 3915 1416 4060 Pyrrludn.

241 4054 324 4160 pr.
344 4055 400 4120 lll.
421 4059 475 4130 30.
495 4077 524 4146 p.
547 4057 610 4128 130
634 4055 679 4120 ed.
701 4056 794 4122 Fahr.
816 4063 846 4122 et
867 4057 934 4124 adv.
955 4055 1172 4128 Martenoi.
1193 4057 1266 4127 361.
1287 4081 1316 4146 p.
1338 4060 1415 4130 620.

241 4139 410 4252 llrpponem
437 4141 494 4206 duo
523 4159 622 4206 rernm
652 4141 737 4207 initia
763 4142 921 4211 statuisset
957 4139 1073 4205 Ἵππων
1094 4142 1127 4206 δὲ
1149 4140 1166 4206 δ
1187 4139 1324 4228 Ῥηγῖνος
1341 4150 1415 4231 ’πῦρ
1515 4169 1516 4192 ι

241 4249 293 4297 και
323 4221 417 4308 δδωρ.
460 4225 535 4304 adde
562 4225 667 4294 Galen.
699 4227 864 4318 philosoph.
891 4227 960 4302 hist
993 4248 1018 4292 c.
1038 4225 1139 4316 ssu.
1166 4223 1251 4296 XIX.
1283 4251 1311 4320 p.
1333 4229 1415 4296 243:

234 4307 350 4378 Ἵππων
378 4310 411 4374 δὲ
438 4305 607 4396 ὅῬηγῒνος
633 4317 694 4399 πῦρ
722 4315 774 4380 καί
798 4313 893 4398 ὕδωρ.
956 4309 1008 4378 Ex
1034 4333 1110 4399 aqua
1136 4319 1232 4380 auteur
1258 4313 1416 4388 onniain

241 4417 340 4462 rernm
361 4401 468 4472 natura
488 4406 519 4462 et
535 4399 627 4486 gigni
647 4405 678 4464 et
698 4399 738 4474 nli
756 4401 888 4482 temnit,
910 4397 969 4463 vid.
989 4399 1154 4488 interprett
1176 4398 1214 4463 ad
1228 4397 1355 4477 Aristut.
1377 4401 1415 4472 ds
