3018 5064
216 321 262 396 hl
609 313 1017 389 ootnfflrt'rfflollffl
1105 337 1110 348 ·

215 489 341 560 viarlna
353 493 413 557 *est
436 457 572 557 ἰποοοοίε
590 481 773 582 reipublicae
791 482 976 580 perturbatio
995 491 1027 556 et
1043 485 1209 558 αολωοίλαι.
1240 479 1398 558 Βοδὶεἱοοο

105 622 109 633 ·
217 582 316 647 auten
341 579 451 643 exorta
473 572 498 642 S
520 572 636 642 tanae
666 593 709 642 ex
738 573 813 641 urhe
843 573 931 640 eiecti
961 579 1046 658 sunt,
1088 573 1166 662 quod
1191 574 1301 643 factum
1327 595 1399 644 esse

217 661 337 813 Olymp.
521 657 583 728 Α.
602 657 797 728 archonteL
836 657 982 725 inachide
1006 664 1133 725 testatur
1151 659 1305 728 Diodorus
1324 661 1400 730 ΧΠ.

216 748 272 816 22.
331 745 446 812 dvenae
472 750 572 812 autem
597 741 645 810 illi
670 767 738 811 cunr
765 766 802 810 ur
822 766 870 810 em
889 765 1013 810 vacuam
1032 743 1193 828 fecissent,
1228 745 1268 812 ad
1288 768 1399 816 novant

119 849 124 862 ·
217 831 366 900 civitatem
392 829 567 897 firmandam
606 829 684 896 alios
716 823 907 895 adsciverunt
932 851 972 895 ex
997 829 1126 896 Graecia
1158 830 1294 914 colonos3
1327 831 1401 900 dicit

219 918 299 985 enim
324 915 476 983 Diodorus
501 912 574 982 XII.
600 915 658 981 ¹1:
700 917 832 998 Πολλῆς
856 913 891 979 δὲ
916 913 1012 1000 οάσης
1037 917 1089 979 καλ
1110 921 1206 1000 καλῆς
1225 913 1331 1005 χώρας
1351 917 1401 983 ολ-

219 997 354 1090 κῆτορας
379 1003 413 1067 ἐκ
442 1005 498 1084 τῆς
517 994 668 1077 Ἑλλάδος
686 995 961 1083 μεταπεμψάμενοι
982 999 1114 1082 συχνοὺς
1134 1003 1322 1084 διενείμαντο
1343 1002 1402 1086 τὴν

114 1131 119 1140 ·
219 1085 309 1153 πάλιν
328 1087 379 1152 καλ
399 1083 457 1172 τὴν
473 1080 581 1172 χάραν
600 1082 652 1152 ἐπ’
676 1083 747 1170 ἴσης
765 1083 883 1168 ἔνεμον.
913 1086 990 1152 haec
1015 1085 1096 1151 enim
1122 1085 1208 1152 docet
1228 1087 1308 1153 facta
1329 1108 1402 1155 esse

256 1179 287 1240 st
306 1171 417 1239 eiectos
437 1172 574 1258 antiquos
599 1168 731 1254 incolas,
764 1176 883 1320 tompus
912 1169 1151 1257 aequabilitatem
1176 1171 1253 1238 iuris
1278 1173 1402 1240 restitn-

217 1193 289 1326 λάλο.
329 1256 409 1324 Puto
435 1262 533 1322 autem
558 1257 616 1324 hoc
646 1255 791 1322 accidisse
816 1255 826 1320 i
851 1275 869 1321 o
895 1255 962 1346 ipso
983 1277 1063 1321 anno
1084 1262 1115 1322 et
1135 1275 1171 1321 eo
1192 1257 1243 1344 qui
1262 1265 1332 1350 post
1352 1279 1404 1325 se·

218 1350 303 1411 cums
324 1348 387 1426 est,
417 1339 574 1408 Praxitele
604 1339 763 1426 archonte,
795 1339 915 1431 Olymp.
942 1339 1118 1412 LXXXIV.
1146 1341 1175 1409 l.
1203 1363 1260 1430 quo
1282 1343 1402 1431 quidem
1498 1372 1503 1380 ·

218 1448 299 1496 anno
318 1428 401 1494 uires
411 1425 598 1492 Thuriornm
620 1431 722 1492 ancha
741 1433 772 1492 et
782 1427 971 1492 confirmatas
992 1447 1061 1493 esse
1081 1425 1132 1491 vel
1153 1426 1224 1493 indo
1245 1430 1402 1515 coniicias,

218 1511 297 1603 quod
322 1533 359 1581 eo
389 1532 470 1578 anno
491 1531 557 1577 cura
578 1509 756 1577 Tarentinis
771 1533 795 1597 o
816 1511 1003 1577 ulentissinua
1023 1511 1142 1577 civitate
1162 1511 1273 1579 bellum
1294 1535 1403 1606 gesse·

217 1605 303 1667 runt:
323 1595 357 1664 id
376 1595 454 1685 quod
474 1596 572 1662 refert
590 1594 744 1663 Diodorus
773 1532 845 1663 xil.
866 1598 919 1663 23.
961 1595 1004 1662 Et
1022 1604 1093 1688 puto
1113 1603 1185 1662 tunc
1205 1617 1299 1666 novos
1322 1599 1404 1666 colo·

218 1705 275 1752 nos
301 1681 391 1748 etiam
416 1679 547 1747 Athenis
573 1681 723 1771 profectos
750 1701 838 1763 esse,
873 1687 907 1747 ut
926 1681 986 1748 iam
1007 1682 1181 1782 concilietur
1200 1683 1253 1750 illa
1274 1685 1403 1752 dicern-

218 1777 265 1836 tas
292 1767 365 1834 οοοὶ
394 1787 452 1852 quo
487 1766 559 1831 urhs
585 1765 705 1832 condita
736 1766 777 1832 sit
803 1766 840 1832 ah
867 1764 1122 1850 Atheniensibus,
1154 1768 1206 1834 alii
1233 1769 1313 1837 enin
1340 1778 1404 1837 tra·

219 1853 293 1921 dunt
317 1849 350 1920 id
376 1851 487 1920 factum
514 1871 583 1917 esse
609 1849 765 1918 Praxitele
786 1851 944 1917 archonte:
986 1851 1030 1916 ita
1049 1851 1220 1938 Dionysius
1241 1853 1280 1920 de
1300 1855 1404 1944 Lysia

218 1941 258 2007 in
272 1933 412 2006 exordior
454 1935 582 2013 Λυσίας
602 1931 620 2000 ὃ
640 1933 794 2023 Κεφάλου
808 1933 1012 2020 Συρακοσίων
1030 1935 1089 2017 μὲν
1108 1927 1148 2020 ἦν
1167 1935 1297 2022 γονίων·
1318 1941 1405 2026 ἐγεν-

119 2049 127 2068 ·
205 2019 302 2110 ’νήθη
330 2021 365 2088 dd
384 2017 536 2132 Ἀθήνησι
555 2026 746 2104 μετοικοῦντι
769 2023 816 2110 τῷ
838 2021 950 2106 πατρί,
992 2021 1045 2084 καλ
1075 2019 1304 2110 συνεπαιδεύθη
1336 2034 1404 2106 τοῖς

158 2177 169 2194 ‚
220 2105 476 2196 ἐπιφανεστάτοις
490 2105 676 2189 Αθηναίων·
719 2103 774 2189 ἀτη
802 2105 836 2171 dd
856 2106 1076 2190 πεντηκαίδεκα
1095 2106 1227 2193 γεγονὼς
1248 2110 1291 2186 είς
1315 2111 1404 2177 &ov-

152 2196 155 2204 ’
221 2196 307 2276 ρίους
326 2189 423 2281 ᾤχετο
445 2191 545 2256 πλέων
564 2189 625 2257 cdv
654 2188 802 2278 ἀδελφοΐς
827 2190 913 2271 δυσί,
946 2186 1139 2274 κοινωνήσων
1165 2199 1222 2277 τῆς
1247 2191 1404 2278 ἀποικίας,

221 2279 261 2363 ἣν
285 2275 428 2346 ἔστελλον
449 2273 614 2359 Ἀθηναῖοί
635 2297 670 2341 τε
695 2279 747 2341 καλ
774 2271 794 2360 ἦ
820 2270 900 2358 άλλη
921 2271 1033 2352 Ἑλλάς
1059 2273 1223 2366 δωδεκάτῳ
1251 2277 1404 2371 πρότερον

157 2434 164 2454 ,
222 2363 282 2431 λ’τει
301 2365 358 2429 τοῦ
378 2363 672 2446 Πελοποννησιακοῦ
693 2357 842 2444 πολίμου.
886 2358 1047 2428 consentit
1064 2359 1244 2430 Plutarchus
1266 2368 1319 2434 vit.
1332 2365 1404 2458 Ly·

205 2451 302 2527 ,εἰοοι
338 2445 423 2512 Ἐπεί
443 2447 479 2511 δὲ
497 2445 555 2531 τὴν
580 2447 624 2523 είς
644 2440 786 2533 Σάβαριν
812 2443 971 2526 ἀποικίαν,
1010 2445 1067 2531 τὴν
1092 2445 1221 2536 ὕστερον
1245 2451 1404 2538 Θουρίους

220 2536 516 2620 μετονομασθεῖσαν,
538 2528 688 2598 Ιἔστελλεν
718 2528 738 2608 ἡ
769 2525 872 2610 πάλις,
914 2527 1010 2619 ᾤχετο
1037 2530 1095 2597 oda
1121 2539 1166 2623 τῷ
1198 2536 1404 2628 πρεσβυτάτῳ

185 2677 189 2686 .
223 2619 350 2707 ἀδελφῷ
370 2612 568 2706 Πολεμάρχῳ
585 2609 680 2702 (ἦσαν
709 2615 848 2704 ἀραάτρλ,
869 2613 921 2680 καλ
942 2614 1031 2682 ἄλλοι
1050 2615 1125 2698 δάο,
1146 2617 1340 2705 Εὐθύδημος
1350 2626 1406 2689 καλ

224 2702 421 2794 Βράχυλλος)
447 2707 504 2768 τοῦ
530 2701 649 2788 πατρὸς
685 2703 736 2786 ,δη
761 2697 1023 2784 τετελευτηκότος,
1060 2697 1106 2780 ἀς
1131 2705 1326 2791 κοινωνήσων
1344 2713 1404 2776 τοῦ

214 2785 354 2878 Διιλάρου,
375 2785 430 2872 ἀτη
449 2787 579 2874 γεγονώς
598 2787 821 2866 πεντεκαίδεκα,
855 2787 904 2851 tat
925 2787 1138 2868 Πραξιτέλους
1158 2787 1317 2874 ἀρχοντος.

278 2925 284 2938 .
308 2875 376 2942 llos
386 2874 481 2964 igitur
490 2894 584 2940 novos
597 2873 728 2940 aduenas
739 2872 828 2938 credo
839 2869 996 2938 Praxitele
1017 2873 1160 2940 archonte
1180 2877 1211 2942 h.
1233 2899 1260 2946 e.
1282 2877 1406 2972 Olymp.
1507 2871 1508 2897 ¹

153 2978 160 2993 ·
223 2957 397 3032 LXXXIV.
418 2959 449 3026 1.
475 2958 612 3026 Thurios
637 2959 775 3041 venisse,
810 2957 845 3022 in
888 2977 992 3022 uorum
1018 2977 1142 3026 numero
1169 2961 1258 3028 etiam
1284 2963 1405 3052 Lysias

224 3047 331 3115 fuerit:
369 3045 500 3135 praefuit
518 3045 649 3110 fortasse
672 3044 721 3109 his
742 3041 856 3110 wionis
914 3042 1050 3130 ionysius
1075 3044 1129 3110 ille
1149 3067 1284 3132 aeneus,
1317 3070 1405 3136 quem

224 3129 403 3200 Plutarchus
430 3137 461 3196 et
485 3129 613 3196 Photius
633 3129 666 3194 in
686 3129 856 3194 societatem
876 3126 964 3192 huius
985 3128 1119 3194 coloniae
1140 3129 1329 3200 deducendae
1349 3155 1405 3201 uo·
1506 3195 1507 3216 η

227 3224 304 3285 cant.
345 3213 414 3280 Hoc
434 3235 513 3279 anno
534 3221 631 3282 autem
651 3213 800 3280 Periclem
821 3212 918 3278 denuo
939 3211 1060 3278 colonos
1081 3214 1114 3278 in
1134 3213 1251 3284 Italiam
1271 3219 1404 3304 misisse,

226 3299 382 3370 admodum
403 3305 451 3364 est
459 3299 525 3364 ueri
546 3299 654 3382 simile,
675 3299 972 3386 quoniampacecum
980 3295 1230 3367 Lacedaemoniis
1242 3305 1405 3394 composita

226 3388 420 3472 restitutaque
440 3385 651 3470 tranquillitate
670 3383 833 3450 uerendum
860 3389 938 3466 erat,
970 3403 1010 3448 ne
1032 3385 1113 3450 cives
1134 3388 1206 3452 novi
1227 3389 1296 3474 quid
1317 3389 1405 3456 moli·

226 3480 341 3542 rentur.
384 3469 519 3536 Thurios
539 3478 609 3560 puto
630 3470 719 3535 etiam
740 3465 950 3555 Thucydidem
969 3465 1117 3536 Melesiae
1133 3473 1227 3539 hlium
1248 3495 1282 3538 se
1302 3483 1406 3541 wutu-

227 3547 313 3641 lisse,
333 3576 401 3622 non·
415 3561 514 3622 tamen
527 3561 766 3621 tunccumesset
778 3559 920 3618 testarum
941 3553 1090 3644 suffragio
1112 3579 1129 3621 e
1151 3559 1269 3623 civitate
1281 3560 1405 3645 eiectus,

229 3641 307 3732 quod
327 3641 407 3708 cadit
425 3641 458 3706 in
479 3639 643 3706 Praxitelis
656 3661 782 3722 annum,
803 3639 830 3703 si
851 3639 967 3726 quidem
977 3639 1157 3708 Plutarchus
1178 3645 1230 3709 vit
1251 3643 1404 3714 Pericle.
1505 3659 1506 3669 ’

230 3729 282 3796 tt.
303 3728 389 3794 dicit:
424 3725 519 3792 Mat
535 3725 570 3790 δὲ
585 3723 641 3808 τὴν
657 3725 851 3790 Θουκυδίδου
863 3720 1030 3790 κατάλυσιν
1048 3729 1100 3790 καὶ
1121 3727 1176 3792 τὸν
1196 3727 1406 3814 ὀστρακισμὸν

231 3812 289 3882 οὔκ
308 3808 426 3878 ἐλάττω
441 3815 503 3876 τῶν
525 3810 737 3876 πεντεκαίδεκα
759 3812 835 3875 ἐτῶν
856 3807 989 3896 διήνεγκε
1009 3813 1060 3875 καλ
1078 3812 1155 3894 μίαν
1168 3806 1265 3879 οὖσαν
1282 3816 1316 3879 ίν
1335 3825 1406 3896 τοῖς

231 3899 398 3974 ἐνιαυσίαις
406 3919 524 3985 στρατη
543 3897 603 3971 ίαις
614 3893 712 4003 ἀρχὴν
722 3897 772 3960 καλ
779 3895 958 3962 δυναστείαν
967 3892 1156 3979 κτησάμενος
1168 3897 1318 3986 ίφάλαξεν
1328 3901 1407 3968 ἔαυ-

231 3984 286 4052 τὸν
302 3981 463 4048 ἀνάλωτον
478 3919 543 4045 δπά
553 4004 733 4067 χρηματων.
761 3981 815 4047 sed
836 3980 949 4047 duobus
966 3981 1052 4047 annis
1071 3990 1139 4049 ante
1160 3983 1296 4052 Thurios
1319 3989 1408 4054 Thu-

233 4069 370 4159 cydidem
385 4088 419 4132 ee
432 4065 592 4132 contulisse
602 4067 726 4133 coniicio
744 4088 784 4132 ex
794 4067 833 4133 iis
846 4088 921 4154 quae
933 4067 1075 4156 leguntur
1095 4071 1128 4134 in
1139 4071 1201 4137 vita
1212 4072 1307 4138 altera
1319 4073 1409 4140 Thu·

233 4151 633 4244 cydidisrerumscriptoris,
644 4173 719 4240 quae
730 4155 867 4218 etsisunt
891 4153 1108 4237 erversissima,
1122 4164 1409 4227 nontamentenaere

233 4248 305 4308 sunt
324 4237 506 4328 spernenda:
527 4245 629 4304 ancer
649 4239 728 4304 enim
748 4239 836 4306 huiun
856 4175 950 4305 liielli
969 4238 1138 4306 incredibili
1158 4263 1261 4308 errore
1282 4245 1410 4312 conlun-
1503 4297 1504 4308 ,

235 4325 281 4394 dit
299 4322 509 4412 Thucydidem
528 4322 675 4392 Melesiae
696 4325 800 4410 filiun,
821 4324 919 4392 uirum
939 4323 1022 4392 illurn
1042 4327 1213 4417 popularem
1234 4350 1299 4395 cum
1320 4331 1410 4398 Thu·

234 4409 343 4500 cydide
362 4431 463 4478 rerum
482 4411 641 4504 scriptore:
683 4411 783 4479 omnia
804 4411 883 4478 enim
903 4409 974 4495 illa,
1000 4431 1076 4501 quae
1096 4412 1238 4504 leguntur
1258 4411 1296 4481 de
1309 4425 1409 4484 'causa
1503 4423 1504 4441 ¹
