3004 5048
296 346 356 416 DE
377 347 520 424 saulo.
542 345 728 419 COMOED.
748 349 854 422 ΑΤἭ.
875 351 1020 432 sunio.
1181 355 1245 424 ³01

167 511 289 585 Οδιιοδν
309 515 506 606 περιγράψας
526 507 599 585 ὅσον
619 513 781 606 έναριᾲτᾶν
802 517 929 606 κόκλονς

80 600 291 688 ἀποκρίνωσι·

165 687 210 752 Τί
228 685 260 752 δ’
282 685 380 772 icum·
401 690 443 766 είς
464 685 601 772 ῶμιλλαν
620 686 842 774 άριστῆσομινς

155 769 205 837 Ἦ
226 769 364 856 κόψομεν
389 773 446 857 τὴν
476 775 577 857 μᾶζαν
608 771 709 858 ῶσπερ
742 772 867 860 όρττγα.
1007 855 1015 862 J

80 863 110 922 et
129 856 245 924 doctum
264 859 339 925 illud
359 857 492 924 scholion
513 859 667 948 Aristoph.
689 859 761 924 Pac.
782 881 811 926 v.
832 857 911 927 348:
941 861 1003 926 Διὸ
1025 863 1076 926 καλ
1097 861 1247 946 στιβάδας

79 939 141 1007 eine
153 945 350 1028 Φορμίωνος·
375 943 404 1008 οἳ
424 943 483 1031 γάρ
504 943 544 1008 τά
564 942 713 1026 πολεμικά
733 942 970 1028 έξοσκησάμενοι
990 942 1051 1012 ὑπό
1073 953 1247 1032 γυμνασίων

78 1029 129 1091 καί
150 1025 253 1093 πόνων
272 1025 401 1094 sinistam
421 1038 644 1113 χαμαικοιτεῖν·
666 1031 718 1093 καί
735 1026 901 1107 Διονόσιος
921 1033 954 1095 έν
968 1030 1153 1118 Ταξιάρχοις
1173 1035 1244 1120 παρ’

77 1109 227 1177 Εὐπόλιδι
251 1110 422 1196 μανθάνων
449 1111 535 1201 παρὰ
554 1119 599 1203 τῷ
624 1114 781 1201 Φορμίωνι
808 1114 881 1192 τοὺς
907 1121 969 1182 τῶν
996 1125 1175 1204 στρατηγῶν
1195 1122 1247 1184 καί

76 1197 219 1282 πολέμων
237 1195 351 1282 νόμους
372 1200 485 1287 φησίν·

503 1279 562 1360 Ὡς
587 1279 688 1348 ouini?
712 1280 751 1347 όν

159 1408 203 1434 ..
233 1361 377 1456 φάγοιμι,
398 1363 547 1450 στιβάδας
567 1371 599 1444 ἔξ
621 1364 832 1456 &cohospes

74 1448 118 1516 ita
137 1452 197 1518 ista
218 1462 288 1518 sunt
313 1453 459 1554 legenda,
491 1453 545 1518 sed
565 1475 627 1518 non
646 1461 732 1520 vacat
760 1455 797 1520 de
822 1455 870 1520 his
892 1455 1055 1521 accuratius
1087 1456 1247 1542 disserere,

74 1533 149 1602 illud
169 1544 283 1603 tantum
304 1537 408 1603 adircio
429 1539 461 1603 in
482 1540 672 1624 sequentibus
692 1539 752 1603 ista
773 1561 841 1604 esse
861 1541 1057 1606 restituenda:
1079 1541 1248 1624 άτιμωάελς

75 1621 110 1684 δέ
129 1626 174 1710 τῷ
194 1619 239 1707 μὴ
261 1616 417 1688 δύνασθαι
438 1621 494 1698 τὰς
515 1619 543 1706 ρ’
563 1628 660 1703 μνᾶς
680 1628 735 1703 τῆς
745 1621 878 1705 εόθόνης
898 1622 1077 1690 ἀποδοῦναι.
1100 1635 1129 1692 et
1142 1649 1246 1693 rursus

75 1702 292 1788 ἀπεμίσθωσα
313 1707 408 1772 αὐτὸν
427 1713 502 1772 τῶν
523 1700 551 1792 ρ’
571 1713 674 1788 μνῶν
699 1712 747 1795 τῷ
768 1707 979 1796 Διονυσίῳ,
1007 1708 1049 1785 ῶς
1066 1709 1247 1796 Ἀνδροτίων

74 1789 107 1854 έν
125 1787 155 1875 ys
171 1789 326 1858 Ἀττικῶν.
348 1800 377 1858 et
397 1792 491 1856 infra:
514 1788 530 1856 ὃ
553 1793 586 1856 δέ
607 1789 747 1878 διάτορος
767 1784 804 1874 ἦν
825 1790 938 1879 κωφός,
958 1793 1110 1878 μέμνηται
1125 1793 1248 1884 Στράτ-
1303 1814 1307 1820 ’

73 1895 121 1951 τις
137 1872 366 1961 Ἀταλάντῃ·
386 1878 489 1960 τρίτος
508 1875 633 1960 μοιχός·
655 1875 820 1964 Κρατῖνος.

158 1959 211 2026 Ex
224 1961 272 2026 Eu
293 1960 379 2026 olidis
399 1961 501 2026 fabula
520 1961 584 2044 illa,
606 1983 680 2049 quae
701 1962 961 2047 δὶσίλιιτΧροσοῦν
980 1961 1074 2048 γένος,
1095 1965 1249 2067 fragmen.

72 2048 134 2110 tum
162 2044 255 2110 affert
313 2045 464 2110 ehsestio
492 2068 522 2136 p.
545 2049 623 2130 109,
653 2047 794 2133 idemque
819 2046 930 2136 legitur
956 2050 1040 2137 apud·
1058 2049 1247 2119 Priscuannm

71 2149 98 2192 c.
121 2129 227 2214 1330,
256 2129 305 2216 qui
326 2067 432 2196 leinde
457 2131 500 2196 ita
521 2133 633 2242 pergit:
666 2131 776 2215 „Idem
796 2128 856 2196 ἴδει
877 2134 1076 2218 πρῶτονμὲν
1100 2132 1254 2222 ὑπάρχειν·

71 2211 196 2284 πάντων
218 2215 377 2301 ἰσηγορίαν
396 2219 462 2294 πῶς
483 2208 537 2280 οὖν
558 2241 614 2280 ουκ
634 2213 673 2281 άν
692 2241 738 2293 τις
758 2212 865 2297 ὅμιλον
876 2217 980 2300 χαίροι
993 2243 1041 2284 τοι
1058 2221 1123 2284 aitis
1145 2219 1248 2298 πόλεις

70 2291 110 2377 ἢν
130 2293 229 2375 ξ’ξεστι
249 2295 329 2364 πάνυ
351 2297 384 2364 δ’
407 2300 440 2364 έν
459 2305 503 2388 τῷ
524 2307 608 2389 κακῷ
629 2325 661 2386 γε
682 2301 737 2384 τὴν
757 2301 873 2366 ίδέαν.“
914 2303 985 2392 Nisi
1004 2326 1126 2394 prorsus
1146 2307 1251 2389 fallor,

70 2387 229 2470 utrumque
246 2385 447 2484 fragmentum
467 2386 500 2450 in
521 2407 610 2452 unum
631 2387 869 2475 coniungentium
890 2393 951 2454 estc
973 2389 1028 2456 hoc
1049 2397 1145 2458 autem
1161 2392 1250 2458 molo

72 2467 262 2535 scribendum
283 2469 414 2534 sudetur:

147 2544 193 2618 Ὦ
215 2553 361 2638 καλλίστη
382 2551 453 2619 πόλι
474 2560 598 2638 πασῶν,
619 2552 694 2632 ὅσας
715 2555 824 2620 Κλέων
845 2555 954 2642 έφορᾷ,

154 2631 212 2715 Ὡς
232 2636 393 2720 εὐδαίμων.
405 2635 553 2726 πρότερόν
573 2638 603 2723 γ’
628 2634 730 2722 ᾖσθα,
755 2645 811 2704 νῦν
832 2642 866 2703 δὲ
885 2645 1004 2720 μᾶλλον
1024 2641 1094 2722 ἴσα,

157 2725 199 2787 El
221 2725 270 2788 δεῖ
286 2727 407 2809 πρῶτον
414 2724 482 2834 ιμέν
502 2720 648 2809 ὑπάρχειν
668 2720 791 2788 πάντων
812 2725 979 2808 ἰσηγορίαν.

156 2809 237 2885 Πῶς
258 2799 313 2872 οὖν
334 2805 390 2872 οὐκ
411 2835 449 2874 αν
469 2833 516 2885 τις
537 2805 652 2889 ὁμιλῶν
673 2809 778 2895 χαίροι
798 2811 902 2897 τοιᾷδε
923 2807 1018 2889 πόλει,

149 2888 207 2956 ‘iv'
230 2891 345 2970 ἔξεστιν
365 2890 445 2958 πάνυ
466 2898 566 2982 λεπτῷ
587 2897 672 2981 κακῶ
692 2918 725 2958 τε
745 2892 801 2978 τὴν
822 2893 916 2959 ίδέαν.
933 2929 975 2944 -

71 2971 209 3063 Apparet
227 2979 305 3044 hanc
325 2978 456 3044 fabulam
476 2978 528 3044 illo
549 2985 680 3069 tempore
701 2999 769 3044 esse
790 2979 944 3067 scriptam,
971 2999 1028 3065 quo
1050 2977 1171 3045 Cleonis
1192 3001 1245 3070 po-

71 3061 165 3127 tentia
185 3083 301 3129 summa
320 3063 393 3148 suit,
413 3065 470 3129 hoc
491 3069 617 3129 estnon
637 3065 680 3129 ita
700 3064 790 3129 multo
810 3071 878 3152 post
899 3064 1147 3153 expugnationem
1163 3065 1245 3154 Pyli.

71 3140 147 3212 (lum
166 3150 266 3237 primo
280 3169 371 3213 uersu
392 3152 608 3238 comparaveris
619 3170 749 3231 uersum,
771 3161 856 3235 quem
878 3170 917 3214 ex
938 3149 1112 3236 nescioquo
1135 3153 1247 3218 comico

69 3227 159 3296 affert
178 3231 356 3299 Athenaeus
377 3235 398 3301 l.
419 3235 444 3303 1.
464 3256 494 3324 p.
514 3237 558 3300 20
578 3232 621 3298 Bc
647 3231 785 3320 Προσέτι
805 3257 842 3320 τεΙ
1154 3251 1158 3258 ·

154 3317 228 3403 Τὴν
248 3315 468 3404 λαμπροτάτην
488 3315 604 3384 πόλεων
624 3323 747 3397 πασῶν,
769 3313 886 3393 ὁπόσας
907 3314 924 3382 ὃ
944 3315 1024 3394 Zeia
1045 3315 1221 3408 ἀναφαίνει..

68 3395 123 3474 τάς
139 3399 175 3466 Ἀ
215 3400 281 3480 ’νας
302 3407 387 3489 λέγω.
429 3403 527 3472 Versu
548 3406 570 3470 2
591 3404 697 3495 scripsi
718 3424 772 3493 pro
794 3398 941 3488 epompio
961 3402 992 3466 τ’
1016 3394 1113 3484 ἦσθα,
1135 3403 1245 3492 πρότε-

70 3479 176 3571 ρόνγ*
200 3493 291 3574 ησθα
312 3509 352 3554 ex
370 3489 539 3572 Prisciano,
561 3487 638 3578 apud
658 3509 743 3575 quem
763 3487 888 3576 legitur:
909 3485 1056 3574 πρότερόν
1075 3513 1109 3574 γε
1130 3490 1170 3555 ml
1190 3497 1245 3556 νῦν

72 3589 105 3631 τε
124 3578 247 3651 μᾶλλον
272 3573 342 3640 έσιι.
383 3573 482 3643 Versu
502 3577 524 3640 3
550 3573 657 3662 scripsi
677 3575 704 3638 el
724 3574 773 3637 (lei
794 3595 848 3662 pro
870 3593 923 3656 eo,
944 3573 1021 3660 quoti
1040 3573 1152 3662 legitur
1173 3572 1243 3641 ἴδει.

72 3649 214 3726 Ceterum
249 3660 287 3725 ad
319 3661 397 3724 hanc
421 3659 551 3728 fabulam
580 3660 710 3724 fortasse
738 3658 826 3723 etiam
859 3658 1034 3724 referendus
1066 3667 1113 3724 est
1137 3681 1243 3726 versus

71 3740 149 3806 eud
179 3745 347 3810 Lucianum
378 3744 411 3808 in
440 3743 556 3826 libello,
591 3765 675 3830 quem
704 3743 870 3832 inscripsit:
913 3742 1003 3829 Πρὸς
1032 3742 1086 3806 τόν
1111 3741 1243 3822 εἰπόντα,

107 3831 268 3908 ρομηθεδς
288 3827 316 3894 εἷ
334 3830 366 3894 έν
386 3826 506 3912 λόγοις,
549 3838 574 3892 c.
596 3833 630 3894 2:
655 3824 748 3893 Ὥστε
769 3851 823 3908 μοι
845 3829 1048 3910 ἐνθυμεῖσθαι
1069 3825 1177 3907 έπεισι,
1198 3829 1243 3912 μὴ

71 3900 133 3990 ἄρα
156 3910 239 3981 οὕτω
259 3939 298 3995 με
319 3913 498 3999 Προμηθέα
524 3911 622 3998 λέγοις
643 3909 732 3993 εἶναι,
761 3908 804 3988 ὥς
831 3908 1015 3995 ὃΚωμικός
1040 3910 1094 3976 τόν
1114 3912 1244 3980 Κλέωνά

72 4013 190 4076 φησιν,
217 3997 312 4066 οἶσθα
333 4001 400 4086 περὶ
422 3997 533 4063 αὐτοῦ·
666 4073 668 4080 Ι

157 4085 270 4169 Κλέων
290 4081 483 4172 Προμηδιός
503 4083 567 4148 ἔστι
586 4081 664 4162 μετά
683 4080 723 4146 τά
744 4077 920 4168 πράγματα.

71 4157 193 4234 Acerhe
225 4176 322 4236 autem
356 4173 399 4236 ita
428 4169 541 4234 notavit
571 4165 737 4250 Cleonem,
778 4167 827 4267 qui
859 4165 1012 4232 victoriam
1044 4187 1063 4232 a
1095 4167 1182 4234 Nicia
1214 4177 1243 4236 et

71 4238 280 4320 Demosthene
309 4255 368 4319 iam
402 4254 509 4320 dudum
539 4259 742 4342 praeparatam
769 4252 827 4317 suhi
855 4251 1025 4318 vindicavit.
1067 4251 1117 4318 Ex
1138 4255 1241 4320 eadem

72 4325 177 4398 fabula
200 4341 322 4426 petitum
339 4344 417 4490 puto
441 4339 515 4404 illud
542 4357 654 4490 qnopue
679 4337 894 4425 fragmentum,
926 4336 1003 4422 quod
1028 4336 1139 4425 legitur
1165 4339 1254 4428 aputl¹

70 4404 242 4516 Mocliiem
264 4445 296 4516 p.
316 4421 338 4492 4
361 4426 393 4489 7:
435 4424 565 4512 Χαίρειν
611 4448 628 4488 ν
655 4422 799 4512 ἐπιστολῇ
825 4425 946 4508 πρῶτος
972 4419 1089 4508 λέγεται
1120 4422 1241 4510 γράψαι
